
=007  co#|||||||||||
=008  000316s1996####mau#######a#####0###eng##
=245  10$aCompton's interactive world atlas$h[computer file]. /$cSoftKey Multimedia Inc.
=250  \\$aVersion 1.0, 1997 ed.
=255  \\$aScale not given.
=256  \\$aComputer data and program.
=260  \\$aCambridge, MA :$bCompton's NewMedia/SoftKey Multimedia,$cc1996.
=300  \\$a1 CD-ROM :$bsd., col. ;$c4 3/4 in. +$e1 user's guide (45 p. : il. ; 23 cm.)
=520  \\$aContains more than 600 detailed maps of every country in the world and 50 maps of the world's major cities. In-depth articles covers each country's history, culture, and economy. Access interesting Web sites about specific countries and exchange tips with other travelers on the Compton's NewMedia Forum.
=538  \\$aSystem requirements: IBM compatible PC (486/33Mhz or higher); 8 MB RAM; hard disk with 1.5 MB available; Windows 3.1 or higher; DOS 5.0 or higher; 256 color SVGA; double speed CD-ROM drive; Windows-compatible sound card; mouse; printer (optional); modem (optional).
=490  1\$aCompton's home library
=710  2\$aSoftKey Multimedia Inc.
=710  2\$aCompton's NewMedia (Firm)
=246  30$aInteractive world atlas
=246  3\$aWorld atlas
=052  \\$a3200
=650  \0$aAtlases.
=650  \7$aAtlas$2lemb
=653  \\$aMaps--Digital
=034  0\$aa
=005  20100326152126.0
=001  003449
=040  \\$aDLC$cDLC$bspa$darbccab
=500  \\$aTitle from disc label.
=500  \\$aCD-ROM for Windows 3.1/95.
=003  AR-BCCAB
=942  \\$cBK
=952  \\$2udc$aPOST$bPOST$i20017069$oSOLICITAR EN MOSTRADOR EN MOSTRADOR$p20017069$yVM
