=LDR  00000cem##2200000#a#4500

=008  830225s1980####caua###j######000#0#eng##
=245  10$aExploratorium cookbook II :$ba construction manual for Exploratorium exhibits /$cby Ron Hipschman ; illustrations by Jad King.
=260  \\$aSan Francisco, Calif. :$bExploratorium,$cc1980.
=300  \\$a1 v. (various pagings) :$bil. ;$c28 cm.
=520  \\$aA collection of "recipes" or instructions for projects designed to demonstrate aspects of topics such as the physics of sound and plant behavior.
=100  1\$aHipschman, Ron.
=710  2\$aExploratorium (Organization)
=043  \\$an-us-ca
=650  \0$aScience$xExperiments$vJuvenile literature.
=650  \7$aCiencia$xExperimentos$xLiteratura juvenil.$2lemb
=650  \0$aScience$xExhibitions$vJuvenile literature.
=650  \7$aCiencia$xExposiciones$xLiteratura juvenil.$2lemb
=650  \0$aMuseum techniques$vJuvenile literature.
=650  \0$aExploratorium (Organization)$vJuvenile literature.
=005  20061219121730.0
=700  1\$aKing, Jad,$eil.$4ill
=001  003452
=040  \\$aDLC$cDLC$dDLC$bspa$darbccab
=500  \\$aContains "recipes" numbered 83-134.
=003  AR-BCCAB
=082  00$a507/.8$219
=942  \\$cBK
=952  \\$2udc$aPOST$bPOST$i20017075$o5:3[021] B834 T.2$p20017075$yBK
