=LDR  00000nmm##2200000#a#4500

=245  10$aFluidization /$cedited by John R. Grace and John M. Matsen.
=260  \\$aNew York :$bPlenum Press,$cc1980.
=300  \\$axviii, 605 p. :$bil. ;$c26 cm.
=520  \\$a"Proceedings of the 1980 International Fluidization Conference, sponsored by the Engineering Foundation and held at Henniker, New Hampshire, August 3-8, 1980."
=020  \\$a0306404583
=111  2\$aInternational Fluidization Conference$d(1980 :$cHenniker, N.H.)
=700  1\$aGrace, John R.
=700  1\$aMatsen, John M.,$d1936-
=710  2\$aEngineering Foundation (U.S.)
=005  20060829114153.0
=504  \\$aIncluye referencias bibliográficas.
=650  \0$aFluidization$vCongresses.
=008  800421s1980####nyua#####b####101#0#eng##
=001  010299
=040  \\$aDLC$cDLC$dDLC$bspa$darbccab
=500  \\$aIncluye índice.
=003  AR-BCCAB
=082  00$a660.2/84292
=942  \\$cBK
=952  \\$2udc$aPOST$bPOST$i2008339$o66.095.5:061.3 I8 1980$p2008339$yBK
