=LDR  00000cam##22000004a#4500

=008  061023s1970####enka##########001#0#eng#d
=245  00$aLiquids.
=250  \\$a1st ed.
=260  \\$aLondon :$bTaylor & Francis,$c1970.
=300  \\$a[141] p. :$bil.
=504  \\$aIncluye referencias bibliográficas e índice.
=520  \\$a"A series of eight articles reprinted from Contemporary Physics, Volumes 5-10"
=020  \\$a085066036X
=740  0\$aContemporary physics
=740  2\$aA contemporary physics reprint
=080  \\$a541.1
=005  20061023101202.0
=001  012524
=040  \\$aarbccab$bspa
=500  \\$aSubtítulo en tapa: A contemporary physics reprint.
=003  AR-BCCAB
=942  \\$cBK
=952  \\$2udc$aPOST$bPOST$i200871$o541.1 L669$p200871$yBK
