=LDR  00000nam##22000005a#4500

=008  070202s1984####nyu###########001#0#eng#d
=245  00$aLaser interaction and related plasma phenomena :$bVolume 6 /$cEdited by Heinrich Hora and George H. Miley.
=260  \\$aNew York :$bPlenum,$c1984.
=300  \\$a1161 p.
=504  \\$aIncluye referencias bibliográficas e índices.
=520  \\$aProceedings of the 6th international workshop held at the Naval Postgraduate School in Monterey, California
=020  \\$a0306413957
=711  2\$aWorkshop on Laser Interaction and Related Plasma Phenomena$n(6th :$d1982 :$cMonterey, California)
=005  20070202091518.0
=650  \7$aLasers$2inist
=650  \7$aLaseres$2inist
=650  \7$aMeetings$2inist
=650  \7$aCongresos.$2inist
=700  1\$aHora, Heinrich,$eed.$4edt
=700  1\$aMiley, George H.,$eed.$4edt
=001  013294
=040  \\$aarbccab$bspa
=003  AR-BCCAB
=942  \\$cBK
=952  \\$2udc$aPOST$bPOST$i20014204$o535.374:061.3 W892 1982$p20014204$yBK
