=LDR  00000nam##22000005a#4500

=245  10$aQuasicrystalline materials :$bGrenoble 21-25 March 1988 /$cEditors, Ch. Janot, J. M. Dubois.
=260  \\$aSingapore :$bWorld Scientific,$c1988.
=300  \\$axii, 434 p. :$bgráf.
=520  \\$aProceedings of the I.L.L./CODEST Workshop
=020  \\$a9971506319
=111  2\$aWorkshop on quasicrystalline materials$d(1988 :$cGrenoble)
=080  \\$a538.911:061.3
=008  070202s1988####si############101#0#eng#d
=005  20070202100446.0
=650  \7$aSólidos$2inist
=650  \7$aSolids$2inist
=650  \7$aCristal models$2inist
=650  \7$aCongresos.$2inist
=650  \7$aMeetings$2inist
=700  1\$aJanot, Ch.,$eed.$4edt
=700  1\$aDubois, J. M.,$eed.$4edt
=001  013300
=040  \\$aarbccab$bspa
=003  AR-BCCAB
=942  \\$cBK
=952  \\$2udc$aPOST$bPOST$i20013245$o538.911:061.3 I8 1988$p20013245$yBK
