=LDR  00000nam##22000005a#4500

=245  10$aAtomic physics 9 /$cEditors, Robert S. Van Dyck and E. Norval Fortson.
=260  \\$aWashington :$bWorld Scientific,$c1984.
=300  \\$ax, 557 p.
=504  \\$aIncluye referencias bibliográficas e índice.
=520  \\$aPresents the manuscripts of the invited talks delivered at the ninth International Conference on Atomic Physics held at the University of Washington July 23-27, 1984
=020  \\$a9971966808
=111  2\$aInternational Conference on Atomic Physics$n(9th :$d1984 :$cUniversity of Washington)
=700  1\$aVan Dyck, Robert S.
=700  1\$aNorval Fortson, E.
=080  \\$a539.18
=008  070205s1984####dcu###########101#0#eng#d
=005  20070205080225.0
=650  \7$aAtomic physics$2inist
=650  \7$aFísica atómica$2inist
=650  \7$aCongresses.$2inist
=650  \7$aCongresos.$2inist
=001  013325
=040  \\$aarbccab$bspa
=003  AR-BCCAB
=942  \\$cBK
=952  \\$2udc$aPOST$bPOST$i20013336$o539.18:061.3 I8 1984$p20013336$yBK
