=LDR  00000nam##22000005a#4500

=008  070206s1995####it############000#0#eng#d
=245  10$aNuclear power plant /$cM. Cumo [and] N. Afgan.
=260  \\$aRoma :$bProduced by CATTID for Division Engineering and Technology of UNESCO,$c1995.
=300  \\$a836 p. :$bfig.
=504  \\$aIncluye referencias bibliográficas.
=520  \\$aPostgraduate course on energy engineering : Distant Learning package
=100  1\$aCumo, Mauricio.
=700  1\$aAfgan, N.
=710  2\$aUNESCO.
=710  2\$aCATTID.
=080  \\$a621.039.58:621.311.4
=650  \7$aNuclear power plants.$2inist
=650  \7$aTeaching.$2inist
=650  \7$aCentrales nucleares.$2inist
=650  \7$aEducación.$2inist
=005  20090115140528.0
=001  013351
=040  \\$aarbccab$bspa
=856  41$3Indice$uhttp://campi.cab.cnea.gov.ar/tocs/17692.pdf
=003  AR-BCCAB
=942  \\$cBK
=952  \\$2udc$aPOST$bPOST$d2000-10-26$i20017692$o621.039:621.311.4 U1$p20017692$yBK
