=LDR  00000nam##22000005a#4500

=245  14$aThe impact of climate on planning and building.
=260  \\$aLausanne, Switzerland :$bElsevier,$c1984.
=300  \\$a4 v.
=520  \\$a"Special issue containing papers presented at an International Symposium ... organized by the Standing Committee - Urban and Building Climatology of International Federation for housing and Planning and the Department of Geography of the Tel Aviv University, held at Tel Aviv, November 5-11, 1983".
=111  2\$aInternational symposium on the impact of climate and building$d(1983 :$cTel Aviv University)
=080  \\$a551.5:69:061.3
=008  070207s1984####sz############100#0#eng#d
=005  20070207094144.0
=650  \7$aMeterology$2inist
=650  \7$aBuildings$2inist
=650  \7$aCongresses.$2inist
=650  \7$aCongresos.$2inist
=490  1\$aEnergy and buiildings,$vv. 7, no. 1-4$x0378-7788 ;
=001  013404
=040  \\$aarbccab$bspa
=003  AR-BCCAB
=942  \\$cBK
