=LDR  00000nam##22000005a#4500

=008  070214s1987####enk###########100#0#eng#d
=245  10$aMechanical behaviour of superalloys.
=260  \\$aLondon :$bThe Institute of Metals,$c1987.
=300  \\$a683-794 p. :$bfig., tablas.
=520  \\$a"... contains selected papers from the proceedings of the conference on mechanical behaviour of superalloys held at the Royal Society, London, on 10-11 June 1986"
=111  2\$aConference on mechanical behaviour of superalloys$d(1986 :$cRoyal Society, London)
=080  \\$a669.018:061.3
=005  20070214115208.0
=650  \7$aMetales$2inist
=650  \7$aAlloys$2inist
=650  \7$aAleaciones$2inist
=650  \7$aCongresses.$2inist
=650  \7$aCongresos.$2inist
=490  1\$aMaterials Science and Technology,$vv. 3, no. 9$x0267-0836 ;
=001  013630
=040  \\$aarbccab$bspa
=003  AR-BCCAB
=942  \\$cBK
