=LDR  00000nam##22000005a#4500

=008  070214s2000####ne############100#0#eng#d
=245  10$aSpecial issue: Selected papers from the IMACS-ACA :$bSponsored Conferences : Non-standard applications of computer algebra II (held in Waileau, Maui, Hawaii and Prague, Czech Republic) /$cGuest editors, Stanly Steinberg and Eugenio Roanes-Lozano.
=260  \\$aAmsterdam :$bElsevier,$c2000.
=300  \\$a417-556 p.
=504  \\$aIncluye referencias bibliográficas.
=520  \\$a"This volume is based on talks presented at the 1997 IMACS IMACS Applied Computer Algebra (ACA) conference held in Wailea, Maui, Hawaii and the 1998 IMACS ACA conference held in Prague, Czech Republic ...". -- foreword
=111  2\$aIMACS Applied Computer Algebra Conference$d(1997 :$cWailea, Maui, Hawaii)
=711  2\$aIMACS Applied Computer Algebra Conference$d(1998 :$cPrague, Czech Republic)
=711  2\$aIMACS ACA.
=080  \\$a681.3:519.688:061.3
=005  20070215082458.0
=650  \7$aComputers$2inist
=650  \7$aOrdeandores$2inist
=650  \7$aCongresses.$2inist
=650  \7$aCongresos.$2inist
=650  \7$aAlgebra$2inist
=700  1\$aSteinberg, Stanly,$eed.$4edt
=700  1\$aRoanes-Lozano, Eugenio,$eed.$4edt
=490  1\$aMathematics and computers in simulation,$vv. 51, no. 5$x0378-4754 ;
=001  013632
=040  \\$aarbccab$bspa
=003  AR-BCCAB
=942  \\$cBK
