=LDR  00000nam##22000005a#4500

=245  10$a3rd IMACS International workshop on qualitative reasoning and desicion support systems /$cGuest editors, M G. Singh and N. Piera-Carrete.
=260  \\$aAmsterdam :$bElsevier,$c1994.
=300  \\$a90-172 p.
=504  \\$aIncluye referencias bibliográficas.
=520  \\$a"In this issue we provide 6 papers which were presented at the 3rd IMACS, IFORS, IEEE-SMC sponsored workshop on Qualitative reasoning and desicion support systems held in Barcelona, Spain, over the period June 16-18, 1993". -- pref.
=111  2\$aWorkshop on Qualitative reasoning and desicion support systems$n(3rd :$d1993 :$cBarcelona, Spain)
=080  \\$a681.3:519.713:061.3
=008  070214s1994####ne############100#0#eng#d
=005  20070214124447.0
=650  \7$aArtificial intelligence$2inist
=650  \7$aCongresses.$2inist
=650  \7$aCongresos.$2inist
=700  1\$aSingh, M. G,$eed.$4edt
=700  1\$aPiera-Carrete, M.,$eed.$4edt
=490  1\$aMathematics and computers in simulation,$vv. 36, no. 2$x0378-4754 ;
=001  013634
=040  \\$aarbccab$bspa
=003  AR-BCCAB
=942  \\$cBK
