=LDR  00000nam##22000005a#4500

=008  070215s1999####ja############100#0#eng#d
=245  10$aOptical memories /$cedited by Kentaro Onabe ... [et al.].
=260  \\$aTokyo, Japan :$bJJAP,$c1999.
=300  \\$a1597-1849 p.
=520  \\$a"... collection of papers presented at International Symposium on Optical Memory 1998 (ISOM´98) which was held in the auditorium of the AIST (Agency of Industrial Science and Technology), Tsukuba Research Center, Tsukuba, Japan, between October 20-22, and its satellite symposium which was held on Oct. 27 and 28 in Taiwan". -- foreword
=111  2\$aInternational Symposium on Optical Memory$n(8th :$d1998 :$cTsukuba Research Center, Tsukuba, Japan)
=080  \\$a681.327.68:061.3
=005  20070215123414.0
=650  \7$aOptics$2inist
=650  \7$aCongresses.$2inist
=650  \7$aCongresos.$2inist
=700  1\$aOnabe, Kentaro,$eed.$4edt
=490  1\$aJapanese Journal of Applied Physics. Part 1 : Regular papers, short notes & review papers,$vv. 38, no. 3B$x0021-4922 ;
=001  013675
=040  \\$aarbccab$bspa
=003  AR-BCCAB
=942  \\$cBK
