=LDR  00000nam##22000005a#4500

=245  10$aQuantum dot structures /$cedited by Hideki Hasegawa ... [et al.].
=260  \\$aTokyo, Japan :$bJJAP,$c1999.
=300  \\$a304-607 p.
=520  \\$a"... collection of papers presented at the 1998 International Symposium on Formation, Physics and Device Application of Quantum Dot Structures (QDS´98) held at Hokkaide University, Sapporo, Japan, May 31-June 4, 1998...". -- Foreword
=111  2\$aInternational Symposium on Formation, Physics and Device Application of Quantum Dot Structures$d(1998 :$cHokkaide University, Sapporo, Japan)
=080  \\$a538.95:061.3
=008  070215s1999####ja############100#0#eng#d
=005  20070215123226.0
=650  \7$aOptics$2inist
=650  \7$aCongresses.$2inist
=650  \7$aCongresos.$2inist
=650  \7$aSolids$2inist
=700  1\$aHasegawa, Hideki,$eed.$4edt
=490  1\$aJapanese Journal of Applied Physics. Part 1 : Regular papers, short notes & review papers,$vv. 38, no. 1B$x0021-4922 ;
=001  013676
=040  \\$aarbccab$bspa
=003  AR-BCCAB
=942  \\$cBK
