=LDR  00000nam##22000005a#4500

=008  070215s1997####ja############100#0#eng#d
=245  10$aDry process /$cedited by Yasuhiro Horiike ... [et al.].
=260  \\$aTokyo, Japan :$bJJAP,$c1997.
=300  \\$a2435-2567 p.
=520  \\$a"... papers presented at the 18th Dry Process Symposium (DPS´96) which was held in the Waseda Univerity International Conference Center Tokyo, November 5th to 6th, 1996 ...". -- foreword
=111  2\$aDry Process Symposium$n(18th :$d1996 :$cWaseda Univerity International Conference Center Tokyo)
=080  \\$a533.924:061.3
=005  20070215125613.0
=650  \7$aPlasma$2inist
=650  \7$aEtching$2inist
=650  \7$aCongresses.$2inist
=650  \7$aCongresos.$2inist
=700  1\$aHoriike, Yasuhiro,$eed.$4edt
=490  1\$aJapanese Journal of Applied Physics. Part 1 : Regular papers, short notes & review papers,$vv. 36, no. 4B$x0021-4922 ;
=001  013677
=040  \\$aarbccab$bspa
=003  AR-BCCAB
=942  \\$cBK
