=LDR  00000nam##22000005a#4500

=245  10$aProceedings :$bInternational conference on solid state spectroscopy.
=260  \\$aBerlin :$bWiley-VCH,$c1999.
=300  \\$a868 p. :$bil. ;$c24 cm.
=520  \\$a"... contains a collection of papers presented at the International Conference on Solid State Spectroscopy (ICSSS) held in Schwäbisch-Gmünd, Germany, September 5 to 7, 1999". -- preface
=111  2\$aInternational conference on solid state spectroscopy$d(1999 :$cSchwäbisch Gmünd, Germany)
=711  2\$aICSSS$d(1999)
=080  \\$a539.2:061.3
=008  070219s1999####gw#a##########100#0#eng#d
=005  20070219084031.0
=650  \7$aSolid state physics$2inist
=650  \7$aFísica del estado sólido$2inist
=650  \7$aComputers$2inist
=650  \7$aOrdenadores$2inist
=650  \7$aSimulation$2inist
=650  \7$aSimulación$2inist
=650  \7$aCongresos.$2inist
=650  \7$aCongresses.$2inist
=490  1\$aPhysica status solidi. B, Basic research ;$vv. 215, no. 1
=001  013708
=040  \\$aIWA$cIWA$bspa$darbccab
=500  \\$aTitle from cover.
=003  AR-BCCAB
=942  \\$cBK
