=LDR  00000nam##2200000#a#4500

=245  10$a5th european vacuum conference :$bEVC-5 /$cGuest editors, John S. Colligon, José L. de Segovia [and] José M. Martínez-Duart.
=260  \\$aOxford :$bPergamon,$c1997.
=300  \\$a597-792 p.
=504  \\$aIncluye referencias bibliográficas.
=520  \\$aSelection of the papers presented to the 5th European Vacuum Conference, held at the University of Salamanca, Spain, on 23-27 September, 1996
=111  2\$aEuropean vacuum conference$n(5th :$d1996 :$cUniversity of Salamanca, Spain)
=080  \\$a533.5:061.3
=008  070227s1997####enk###########100#0#eng#d
=005  20070227073121.0
=650  \7$aVacuum$2inist
=650  \7$aRango de presión$2inist
=650  \7$aCongresses.$2inist
=650  \7$aCongresos.$2inist
=490  1\$aVacuum,$vv. 48, n. 7-9$x0042-207X ;
=001  013909
=040  \\$aarbccab$bspa
=003  AR-BCCAB
=942  \\$cBK
