=LDR  00000cam##22000007a#4500

=001  016613
=008  091201s2010####nyuaf##f#b####001#0#eng##
=245  10$aSurface diffusion :$bmetals, metal atoms, and clusters /$cGraçzyna Antczak, Gert Ehrlich.
=260  \\$aNew York :$bCambridge University Press,$c2010.
=300  \\$axxi, 757 p. :$bil.,[4] p. col. ;$c26 cm.
=504  \\$aIncluye referencias bibliográficas e índice.
=505  0\$aAtomic diffusion on surfaces -- Determination of adatom movements -- Atomic events in surface diffusion -- Diffusion on one-dimensional surfaces -- Diffusion on two-dimensional surfaces -- Diffusion in special environments -- Mechanism of cluster diffusion -- Diffusivities of small clusters -- Diffusion of large clusters -- Atomic pair interactions.
=520  \\$a"For the first time, this book unites the theory, experimental techniques and computational tools used to describe the diffusion of atoms, molecules and nanoparticles across metal surfaces. Starting with an outline of the formalism that describes diffusion on surfaces, the authors guide the reader through the principles of atomic movement, before moving on to diffusion under special circumstances, such as the presence of defects or foreign species. With an initial focus on the behaviour of single entities on a surface, later chapters address the movement of clusters of atoms and the interactions between adatoms. While there is a special emphasis on experimental work, attention is paid to the increasingly valuable contributions theoretical work has made in this field. This book has wide interdisciplinary appeal and is ideal for researchers in solid state physics, chemistry as well as materials science, and engineering"--Provided by publisher.
=020  \\$a9780521899833 (hardback)
=020  \\$a0521899834 (hardback)
=100  1\$aAntczak, Graçzyna,$d1973-
=700  1\$aEhrlich, Gertrude.
=080  \\$a538.971
=650  \0$aMetals$xSurfaces.
=650  \7$aDiffusion.$2inist
=650  \7$aDifusión.$2inist
=650  \7$aSurfaces.$2inist
=650  \7$aSuperficies.$2inist
=010  \\$a##2009050502
=040  \\$aDLC$cDLC$dYDX$dBTCTA$dYDXCP$dBWK$dBWX$dIUL$dCDX$dOCLCA$dDLC$dARBCCAB$bSPA
=050  00$aQC176.8.D5$bA58 2010
=005  20101125173314.0
=856  42$3Tapa$uhttp://assets.cambridge.org/97805218/99833/cover/9780521899833.jpg
=003  AR-BCCAB
=082  00$a530.4/15$222
=942  \\$cBK
=952  \\$2udc$aPOST$bPOST$d2010-11-05$eM&A$g$i20021384$o538.971 An861$p20021384$yBK
