=LDR  00000cam##2200000#a#4500

=001  016921
=008  100601s2010####nyua###f#bi###001#0#eng##
=245  00$aHeliophysics :$bevolving solar activity and the climates of space and Earth /$cedited by Carolus J. Schrijver, George L. Siscoe.
=260  \\$aNew York :$bCambridge University Press,$c2010.
=300  \\$axiii, 495p. :$bil. ;$c25 cm.
=504  \\$aIncluye referencias bibliográficas (p. 461-487) e índices.
=520  \\$a"Heliophysics is a fast-developing scientific discipline that integrates studies of the Sun's variability, the surrounding heliosphere, and the environment and climate of planets. Over the past few centuries, our understanding of how the Sun drives space weather and climate on the Earth and other planets has advanced at an ever increasing rate. The Sun is a magnetically variable star and, for planets with intrinsic magnetic fields, planets with atmospheres, or planets like Earth with both, thereare profound consequences"--$cProvided by publisher.
=505  8\$aMachine generated contents note: Preface; 1. Interconnectedness in heliophysics Carolus J. Schrijver and George L. Siscoe; 2. Long-term evolution of magnetic activity of Sun-like stars Carolus J. Schrijver; 3. Formation and early evolution of stars and proto-planetary disks Lee W. Hartmann; 4. Planetary habitability on astronomical time scales Donald E. Brownlee; 5. Solar internal flows and dynamo action Mark S. Miesch; 6. Modeling solar and stellar dynamos Paul Charbonneau; 7. Planetary fields and dynamos Ulrich R. Christensen; 8. The structure and evolution of the 3D solar wind John T. Gosling; 9. The heliosphere and cosmic rays J. Randy Jokipii; 10. Solar spectral irradiance: measurements and models Judith L. Lean and Thomas N. Woods; 11. Astrophysical influences on planetary climate systems Juerg Beer; 12. Evaluating the drivers of Earth's climate system Thomas J. Crowley; 13. Ionospheres of the terrestrial planets Stanley C. Solomon; 14. Long-term evolution of the geospace climate Jan J. Sojka; 15. Waves and transport processes in atmospheres and oceans Richard L. Walterscheid; 16. Solar variability, climate, and atmospheric photochemistry Guy P. Brasseur, Daniel Marsch and Hauke Schmidt; Appendix I. Authors and editors; List of illustrations; List of tables; Bibliography; Index.
=020  \\$a9780521112949 (hardback)
=700  1\$aSchrijver, Carolus J.
=700  1\$aSiscoe, George L.
=080  \\$a523.92
=650  \0$aWeather$xEffect of solar activity on.
=650  \0$aSolar-terrestrial physics.
=650  \7$aHeliosphere.$2inist
=650  \7$aSolar radiation.$2inist
=650  \7$aHeliosfera$2inist
=650  \7$aRadiación solar.$2inist
=010  \\$a##2010022868
=040  \\$aDLC$bspa$darbccab$cDLC
=050  00$aQB524$b.H456 2010
=005  20101209174408.0
=856  42$3Cover image$uhttp://assets.cambridge.org/97805211/12949/cover/9780521112949.jpg
=003  AR-BCCAB
=082  00$a523.7$222
=942  \\$cBK
=952  \\$2udc$aPOST$bPOST$d2010-12-10$eM&A$gU{dollar}S81$i20021494$o523.92 Sch691 E$p20021494$yBK
