=LDR  00000cam##22000008a#4500

=001  016922
=008  091201s2010####enkaf##f#b####001#0#eng##
=245  00$aHeliophysics :$bspace storms and radiation : causes and effects /$cedited by Carolus J. Schrijver, George L. Siscoe.
=260  \\$aCambridge ;$aNew York :$bCambridge University Press,$c2010.
=300  \\$axi, 447 p., [12] p. of plates :$bil. (algunas col.) ;$c26 cm.
=520  \\$a"Heliophysics is a fast-developing scientific discipline that integrates studies of the Sun's variability, the surrounding heliosphere, and the environment and climate of planets. The Sun is a magnetically variable star and, for planets with intrinsic magnetic fields, planets with atmospheres, or planets like Earth with both, there are profound consequences. This volume, the second in a series of three heliophysics texts, integrates the many aspects of space storms and the energetic radiation associated with them - from causes on the Sun to effects in planetary environments. It reviews the physical processes in solar flares and coronal mass ejections, interplanetary shocks, and particle acceleration and transport, and considers many space weather responses in geospace. In addition to its utility as a textbook, it also constitutes a foundational reference for researchers in fields from heliophysics to climate science. Additional online resources, including lecture presentations and other teaching materials, are available at www.cambridge.org/9780521760515"--Provided by publisher.
=520  \\$a"Over the past few centuries, our awareness of the couplings between the Sun's variability and the Earth's environment, and perhaps even its climate, has been advancing at an ever increasing rate. The Sun is a magnetically variable star and for planets with intrinsic magnetic fields, planets with atmospheres, or planets like Earth with both, there are profound consequences and impacts. Today, the successful increase in knowledge of the workings of the Sun's magnetic activity, the recognition of the many physical processes that couple the realm of the Sun to our galaxy, and the insights into the interaction of the solar wind and radiation with the Earth's magnetic field, atmosphere and climate system have tended to differentiate and insularize the solar heliospheric and geo-space sub-disciplines of the physics of the local cosmos"--Provided by publisher.
=505  0\$aPerspective on heliophysics / George L. Siscoe and Carolus J. Schrijver -- Introduction to space storms and radiation / Sten Odenwald -- In-situ detection of energetic particles / George Gloeckler -- Radiative signatures of energetic particles / Tim Bastian -- Observations of solar and stellar eruptions, flares, and jets / Hugh Hudson -- Models of coronal mass ejections and flares / Terry Forbes -- Shocks in heliophysics / Merav Opher -- Particle acceleration in shocks / Dietmar Krauss-Varban -- Energetic particle transport / Joe Giacalone -- Energy conversion in planetary magnetospheres / Vytenis Vasyliåunas -- Energization of trapped particles / Janet Green -- Flares, coronal mass ejections, and atmospheric responses / Tim Fuller-Rowell and Stanley C. Solomon -- Energetic particles and manned spaceflight / Stephen Guetersloh and Neal Zapp -- Energetic particles and technology / Alan Tribble.
=504  \\$aIncluye referencias bibliográficas (p. 411-440) e índices.
=020  \\$a9780521760515 (hardback)
=020  \\$a0521760518 (hardback)
=700  1\$aSchrijver, Carolus J.
=700  1\$aSiscoe, George L.
=080  \\$a523.9
=080  \\$a551.521
=650  \7$aCosmic radiation.$2inist
=650  \7$aSolar radiation.$2inist
=650  \7$aHeliosphere.$2inist
=650  \7$aSolar wind.$2inist
=650  \7$aRadiación cósmica$2inist
=650  \7$aViento solar.$2inist
=650  \7$aHeliosfera$2inist
=010  \\$a##2009050325
=016  7\$a015489395$2Uk
=040  \\$aDLC$bspa$darbccab$cDLC$dBTCTA$dBWK$dC#P$dYDXCP$dUKM$dBWX$dCDX$dDLC
=050  00$aQB526.S65$bH45 2010
=005  20120119152021.0
=856  42$3Tapa$uhttp://assets.cambridge.org/97805217/60515/cover/9780521760515.jpg
=003  AR-BCCAB
=082  00$a523.7/2$222
=942  \\$cBK
=952  \\$2udc$aPOST$bPOST$d2010-12-10$eM&A$gU{dollar}S81$i20021493$o523.9 Sch691 S$p20021493$yBK
