=LDR  00000cam##2200000#a#4500

=001  017050
=008  091109s2010####riua###f#b####001#0#eng##
=245  10$aPartial differential equations /$cLawrence C. Evans.
=250  \\$a2nd ed.
=260  \\$aProvidence, R.I. :$bAmerican Mathematical Society,$cc2010.
=300  \\$axxi, 749 p. :$bil. ;$c27 cm.
=490  0\$aGraduate studies in mathematics ;$v19
=504  \\$aIncluye referencias bibliográficas e índices.
=505  0\$aPART I. REPRESENTATION FORMULAS FOR SOLUTIONS: Four important linear PDE -- Nonlinear first-order PDE -- Other ways to represent solutions -- PART II. THEORY FOR LINEAR PARTIAL DIFFERENTIAL EQUATIONS: Sobolev spaces -- Second-order elliptic equations -- Linear evolution equations -- PART III. THEORY FOR NONLINEAR PARTIAL DIFFERENTIAL EQUATIONS: The calculus of variations -- Nonvariational techniques -- Hamilton-Jacobi equations -- Systems of conservation laws -- Nonlinear wave equations.
=520  \\$a"This is the second edition of the now definitive text on partial differential equations (PDE). It offers a comprehensive survey of modern techniques in the theoretical study of PDE with particular emphasis on nonlinear equations. Its wide scope and clear exposition make it a great text for a graduate course in PDE. For this edition, the author has made numerous changes, including: a new chapter on nonlinear wave equations, more than 80 new exercises, several new sections, and a significantly expanded bibliography."--Publisher's description.
=020  \\$a9780821849743 (alk. paper)
=020  \\$a0821849743 (alk. paper)
=100  1\$aEvans, Lawrence C.,$d1949-
=080  \\$a517.95
=650  \0$aDifferential equations, Partial.
=650  \7$aDifferencial equations.$2inist
=650  \7$aEcuaciones diferenciales.$2inist
=010  \\$a##2009044716
=040  \\$aDLC$bspa$darbccab$cDLC$dYDX$dYDXCP$dUBY$dCDX$dDLC
=050  00$aQA377$b.E95 2010
=005  20110126105820.0
=003  AR-BCCAB
=082  00$a515/.353$222
=942  \\$cBK
=952  \\$2udc$aPOST$bPOST$d2010-12-24$eJournal$g$i20021530$o517.95 E11$p20021530$yBK
