=LDR  00000cam##2200000#a#4500

=001  017088
=008  060508s2007####caua###f#b####001#0#eng##
=245  13$aAn introduction to modern astrophysics /$cBradley W. Carroll, Dale A. Ostlie.
=250  \\$a2nd ed.
=260  \\$aSan Francisco :$bPearson Addison-Wesley,$cc2007.
=300  \\$a1 v. (various pagings) :$bil. ;$c25 cm.
=504  \\$aIncluye referencias bibliográficas e índice.
=520  \\$aAn Introduction to Modern Astrophysics, Second Edition has been thoroughly revised to reflect the dramatic changes and advancements in astrophysics that have occurred over the past decade. The Second Edition of this market-leading book has been updated to include the latest results from relevant fields of astrophysics and advances in our theoretical understanding of astrophysical phenomena. The Tools of Astronomy: The Celestial Sphere, Celestial Mechanics, The Continuous Spectrum of Light, The Theory of Special Relativity, The Interaction of Light and Matter, Telescopes; The Nature of Stars: Binary Systems and Stellar Parameters, The Classification of Stellar Spectra, Stellar Atmospheres, The Interiors of Stars, The Sun, The Process of Star Formation, Post-Main-Sequence Stellar Evolution, Stellar Pulsation, Supernovae, The Degenerate Remnants of Stars, Black Holes, Close Binary Star Systems; Planetary Systems: Physical Processes in the Solar System, The Terrestrial Planets, The Jovian Worlds, Minor Bodies of the Solar System, The Formation of Planetary Systems; Galaxies and the Universe: The Milky Way Galaxy, The Nature of Galaxies, Galactic Evolution, The Structure of the Universe, Active Galaxies, Cosmology, The Early Universe; Astronomical and Physical Constants, Unit Conversions Between SI and cgs, Solar System Data, The Constellations, The Brightest Stars, The Nearest Stars, Stellar Data, The Messier Catalog, Constants, A Constants Module for Fortran 95 (Available as a C++ header file), Orbits, A Planetary Orbit Code (Available as Fortran 95 and C++ command line versions, and Windows GUI), TwoStars, A Binary Star Code (Generates synthetic light and radial velocity curves; available as Fortran 95 and C++ command line versions, and Windows GUI), StatStar, A Stellar Structure Code (Available as Fortran 95 and C++ command line versions, and Windows GUI), StatStar, Stellar Models, Galaxy, A Tidal Interaction Code (Available as Java), WMAP Data. For all readers interested in moden astrophysics.
=020  \\$a0805304029 (alk. paper)
=020  \\$a9780805304022
=100  1\$aCarroll, Bradley W.
=700  1\$aOstlie, Dale A.
=650  \7$aAstrophysics.$2inist
=650  \7$aAstrofísica$2inist
=010  \\$a##2006015391
=040  \\$aDLC$bspa$darbccab$cDLC$dBAKER$dC#P$dYDXCP$dOCLCQ$dDLC
=050  00$aQB461$b.C35 2007
=005  20110122123446.0
=856  41$3indice$uhttp://www.loc.gov/catdir/toc/ecip0613/2006015391.html
=856  41$uhttp://ecx.images-amazon.com/images/I/41YMVGN5Y7L.%5FAA115%5F.jpg$3Tapa
=003  AR-BCCAB
=082  00$a523.01$222
=942  \\$cBK
=952  \\$2udc$aPOST$bPOST$d2011-01-21$eM&A$gU{dollar}S198$i20021568$o523 C230 Ed.2$p20021568$yBK
