=LDR  00000cam##2200000#a#4500

=001  017153
=008  100831s2010####nyu####f#b####001#0#eng##
=245  10$aMolecular driving forces :$bstatistical thermodynamics in chemistry, physics, biology, and nanoscience /$cKen Dill, Sarina Bromberg.
=250  \\$a2nd ed.
=260  \\$aNew York :$bGarland Science,$c2010.
=300  \\$axx, 756p. :$bil. byn ;$c30 cm.
=504  \\$aIncluye referencias bibliográficas e índices.
=520  \\$a"Molecular driving forces, second edition is an introductory statistical thermodynamics text that describes the principles and forces that drive chemical and biological processes. The second edition includes an additional chapter on thermodynamics and two new chapters: (1)"Microscopic dynamics" which explores single molecule experiments; and (2) "Bio and nano machines" which describes the workings of biological molecules including proteins and DNA. New examples and practical applications are integrated throughout the revised and updated text, exploring topics in biology, environmental and energy science, and nanotechnology. It also includes new end-of-chapter problems, and purely mathematical topics are now in appendices. Written in a clear and reader-friendly style, the book provides an excellent introduction to the subject for novices while remaining a valuable resource for experts"--$cProvided by publisher.
=520  \\$a"This text is intended for graduate students and advanced undergraduates in physical chemistry, biochemistry, biophysics, bioengineering, polymer and materials science, pharmaceutical chemistry, chemical engineering, and environmental science. Our focus here is on molecular driving forces, which overlaps with--but is not identical to--the subject of thermodynamics. While the power of thermodynamics is its generality, the power of statistical thermodynamics is the insights it gives into microscopic interactions through the enterprise of model-making. A central theme of this book is that making models, even very simple ones, is a route to insight and to understanding how molecules work. A good theory, no matter how complex its mathematics, is usually rooted in some very simple physical idea"--$cProvided by publisher.
=020  \\$a9780815344308 (pbk.)
=100  1\$aDill, Ken A.
=700  1\$aBromberg, Sarina.
=080  \\$a536.7
=650  \0$aStatistical thermodynamics.
=650  \7$aTermodinámica estadística.$2lemb
=010  \\$a##2010034322
=040  \\$aDLC$bspa$darbccab$cDLC
=050  00$aQC311.5$b.D55 2010
=005  20110321141553.0
=856  42$uhttp://ecx.images-amazon.com/images/I/513Llr2MbpL.%5FSL500%5FAA300%5F.jpg$3Tapa
=003  AR-BCCAB
=082  00$a536/.7$222
=942  \\$cBK
=952  \\$2udc$aPOST$bPOST$d2011-03-25$eM&A$g$i20021609$o536.7 D58 Ed.2$p20021609$yBK
