=LDR  00000cam##2200000#a#4500

=001  017297
=008  110602s2009####ag#####f#b####001#0#spa#d
=245  00$aCiencia y tecnología :$breflexiones humanistas /$cJuan Manuel Torres, Juan Ernesto Calderón (comp.).
=260  \\$aMendoza :$bEDIUNC,$c2009.
=300  \\$a127 p. ;$c22 cm.
=490  0\$aEstudios ;$v64
=504  \\$aIncluye referencias bibliográficas e índice.
=505  2\$aCap. 2 Un programa de acciones estratégicas para mejorar la enseñanza y el aprendizaje de las ciencias exactas y naturales en Argentina / Armando Fernández Guillermet
=520  \\$aEste libro reúne las exposiciones que tuvieron lugar durante las "Mesas de Diálogo y Debate sobre Ciencia, Tecnología, Filosofía y Sociedad", en el marco de las Jornadas de Investigación de la Universidad Nacional de Cuyo del año 2008. Se ofrecen aquí las reflexiones brindadas por los participantes de estas "Mesas" desde tres perspectivas humanistas tradicionales: la educación, los valores y la epistemología. Los enfoques adoptados y los peculiares abordajes de cada uno de los autores permitirán al lector descubrir problemáticas contemporáneas, replanteos de doctrinas clásicas a la vista del cambiante mundo actual de la ciencia y la tecnología y también apreciar cuántas miradas diferentes son posibles sobre estas vastas temáticas. En este volumen no se pretende ofrecer un corpus sistemático y completo de lo que los estudios humanistas dicen hoy sobre la ciencia y la tecnología, sino que su propósito es invitar al lector a participar de un diálogo sobre las cuestiones abiertas e inquietantes que una cultura, que evoluciona día a día, nos obliga a intentar responder. De los compiladores de esta obra, Juan Manuel Torres es Doctor en Filosofía, docentes e investigador de la UNCuyo, de la UTN y de diversos posgrados nacionales y extranjeros. Juan Ernesto Calderón, por su parte, es Doctor en Filosofía, docente e investigador de la Universidad Nacional de Cuyo y becario posdoctoral del CONICET.
=020  \\$a9789503902417
=700  1\$aTorres, Juan Manuel,$ecomp.$4com
=700  1\$aCalderón, Juan Ernesto,$ecomp.$4com
=040  \\$aarbccab$bspa
=005  20110602153159.0
=856  41$3Tapa$uhttp://www.ediunc.uncu.edu.ar/public/cache/tapas/112%5Fficha.jpg
=003  AR-BCCAB
=942  \\$cBK
=952  \\$2udc$aPOST$bPOST$d2011-06-10$i20021724$o5:6 T63$p20021724$yBK
