=LDR  00000cam##2200000#a#4500

=001  017322
=008  101129s20112011enka###f#b####001#0#eng##
=245  10$aQuantum phase transitions /$cSubir Sachdev.
=250  \\$a2nd ed.
=260  \\$aCambridge ;$aNew York :$bCambridge University Press,$cc2011.
=300  \\$axviii, p. 501 :$bil. ;$c25 cm.
=520  \\$a"Describing the physical properties of quantum materials near critical points with long-range many-body quantum entanglement, this book introduces readers to the basic theory of quantum phases, their phase transitions and their observable properties. This second edition begins with a new section suitable for an introductory course on quantum phase transitions, assuming no prior knowledge of quantum field theory. It also contains several new chapters to cover important recent advances, such as the Fermi gas near unitarity, Dirac fermions, Fermi liquids and their phase transitions, quantum magnetism, and solvable models obtained from string theory. After introducing the basic theory, it moves on to a detailed description of the canonical quantum-critical phase diagram at non-zero temperatures. Finally, a variety of more complex models are explored. This book is ideal for graduate students and researchers in condensed matter physics and particle and string theory"--$cProvisto por la editorial
=504  \\$aIncluye referencias bibliográficas e índice.
=505  8\$aPart I. Introduction: 1. Basic concepts; 2. Overview; Part II. A First Course: 3. Classical phase transitions; 4. The renormalization group; 5. The quantum Ising model; 6. The quantum rotor model; 7. Correlations, susceptibilities, and the quantum critical point; 8. Broken symmetries; 9. Boson Hubbard model; Part III. Non-zero Temperatures: 10. The Ising chain in a transverse field; 11. Quantum rotor models: large-N limit; 12. The d = 1, O(N ö> 3) rotor models; 13. The d = 2, O(N ö> 3) rotor models; 14. Physics close to and above the upper-critical dimension; 15. Transport in d = 2; Part IV. Other Models: 16. Dilute Fermi and Bose gases; 17. Phase transitions of Dirac fermions; 18. Fermi liquids, and their phase transitions; 19. Heisenberg spins: ferromagnets and antiferromagnets; 20. Spin chains: bosonization; 21. Magnetic ordering transitions of disordered systems; 22. Quantum spin glasses; References; Index.
=020  \\$a9780521514682 (hardback)
=100  1\$aSachdev, Subir,$d1961-
=080  \\$a530.145
=650  \0$aPhase transformations (Statistical physics)
=650  \7$aPhase transformations.$2inist
=650  \7$aQuantum mechanics.$2inist
=650  \7$aTransformaciones de fase.$2inist
=650  \7$aMecánica cuántica.$2inist
=010  \\$a##2010050328
=040  \\$aDLC$beng$cDLC$erda
=050  00$aQC175.16.P5$bS23 2011
=005  20110714120758.0
=650  \7$aQuantum theory.$2lemb
=856  42$3Tapa$uhttp://assets.cambridge.org/97805215/14682/cover/9780521514682.jpg
=003  AR-BCCAB
=082  00$a530.4/74$222
=942  \\$cBK
=952  \\$2udc$aPOST$bPOST$d2011-07-15$eCUP$gU{dollar}S82$i20021759$o531.19:536.76 Sa142 Ed.2$p20021759$yBK
