=LDR  00000cam##22000008a#4500

=001  017347
=008  100520s2010####enka###f#b####001#0#eng##
=245  10$aLaser physics /$cSimon Hooker and Colin Webb.
=260  \\$aOxford ;$aNew York :$bOxford University Press,$c2010.
=300  \\$axv, 586 p. :$bil. ;$c26 cm.
=490  1\$aOxford master series in physics. Atomic, optical, and laser physics ;$v9
=504  \\$aIncluye referencias bibliográficas (p. [563]-578) e índice.
=505  0\$aIntroduction -- The interaction of radiation and matter -- Broadening mechanisms and lineshapes -- Light amplification by the stimulated emission of radiation -- Gain saturation -- The laser oscillator -- Solid-state lasers -- Dynamic cavity effects -- Semiconductor lasers -- Fibre lasers -- Atomic gas lasers -- Infra-red molecular gas lasers -- Ultraviolet molecular gas lasers -- Dye lasers -- Non-linear frequency conversion -- Precision frequency control of lasers -- Ultrafast lasers -- Short-wavelength lasers -- Appendix A: The semi-classical theory of the interaction of radiation and matter -- Appendix B: The spectral Einstein coefficients -- Appendix C: Kleinman's conjecture.
=520  \\$aThe interaction of radiation and matter, and the principles of laser operation are treated at a level suitable for fourth-year undergraduate courses or introductory graduate courses in physics, chemistry, or engineering. The factors which determine efficiency, wavelength coverage, output power, and beam quality of the different classes of laser are treated both in terms of fundamental theory and practical construction aspects. Details of established types of solid-state, semiconductor, and gas lasers are examined together with the techniques that enable their output to be converted widely across the spectrum. The latest advances in high poser fibre lasers, femtosecond lasers, and X-ray lasers are explained. The test is liberally illustrated with more than 300 diagrams. An extensive bibliography is provided, together with numerical problems in each chapter.
=020  \\$a9780198506928 (pbk.)
=100  1\$aHooker, Simon,$d1965-
=700  1\$aWebb, Colin E.,$d1937-
=080  \\$a535.374:621.375.82
=650  \0$aLight.
=650  \7$aLasers.$2inist
=650  \7$aOptics$2inist
=650  \7$aLaseres.$2inist
=650  \7$aOptica$2inist
=010  \\$a##2010019282
=016  7\$a015577579$2Uk
=040  \\$aDLC$bspa$darbccab$cDLC$dYDX$dUKM$dYDXCP$dCDX$dMNW$dDLC
=050  00$aQC688$b.H66 2010
=005  20110916154808.0
=856  42$3Información biográfica$uhttp://www.loc.gov/catdir/enhancements/fy1108/2010019282-b.html
=003  AR-BCCAB
=082  00$a621.36/6$222
=942  \\$cBK
=952  \\$2udc$aPOST$bPOST$d2011-09-16$eOUP$i20021816$o535.374:621.375.82 H76$p20021816$yBK
