=LDR  00000nam##22000005a#4500

=001  017364
=008  110920s2007####ag#####g#b####001#0#spa#d
=245  10$aCuando de textos científicos se trata... :$bguía práctica para la comunicación de los resultados de una investigación en ciencias sociales y humanas /$cMaría Cristina Dalmagro.
=250  \\$a4a ed. corr.
=260  \\$aCórdoba :$bComunic-arte,$c2007.
=300  \\$a114 p. ;$c22 cm.
=490  0\$aLengua y discurso
=504  \\$aIncluye referencias bibliográficas (p. [113]-114) e índice.
=520  \\$aLa respuesta a la necesidad cada vez más frecuente de "publicar" y redactar textos que comuniquen rigurosamente los resultados de los procesos de investigación. Para estudiantes, egresados de diferentes carreras, docentes, investigadores en general, Cuando de textos científicos se trata... resulta un texto de fácil acceso en el que se pueden encontrar, siempre a mano, pautas formales, normativas generales y claves útiles para la organización, redacción y presentación de informes, proyectos, monografías, tesis en el ámbito académico y científico. En los ocho capítulos y el anexo que lo componen incluye: El texto científico; El proyecto de investigación; El informe de investigación; La ponencia o el paper, Monografías; Tesis; Tesinas; Sistemas de referencias; Pautas de estilo para la redacción y diagramación final; Autoevaluación; Tipos de ensayo.
=020  \\$a9789876020381
=100  1\$aDalmagro, María Cristina.
=080  \\$a001.8
=040  \\$aarbccab$bspa
=005  20110920123538.0
=003  AR-BCCAB
=942  \\$cBK
=952  \\$2udc$aPOST$bPOST$d2011-09-23$i20021802$o001.818 D15 Ed.4$p20021802$yBK
