=LDR  00000nam##22000005a#4500

=001  017538
=008  120801s2008####sp#a###g#b####001#0#spa#d
=245  14$aLos museos de ciencias y el consumo cultural :$buna mirada desde la comunicación /$cPatricia Castellano Pineda.
=250  \\$a1era edición en lengua castellana.
=260  \\$aBarcelona :$bEditorial UOC,$c2008.
=300  \\$a228 p. :$bil. ;$c24 cm.
=490  0\$aAcción cultura ;$v1
=504  \\$aIncluye referencias bibliográficas (p.201-228) e índice.
=520  \\$aLa museología científica se ha consolidado sobre todo con la aparición de los centros de ciencia, que han revolucionado la relación con el público. El núcleo principal del libro "los museos de ciencias y el consumo cultural. Una mirada desde la comunicación" lo constituye la tesis doctoral de la autora. También es parte del camino teórico-práctico emprendido hace más de una década por Patricia Castellanos Pineda a través del mundo de los museos de ciencias y el consumo cultural.
=020  \\$a9788497887632
=100  1\$aCastellanos Pineda, Patricia.
=080  \\$a5/6:069
=650  \7$aMuseos$xCiencias y tecnología$2lemb
=650  \7$aMuseums$xScience and technology$2lemb
=040  \\$aarbccab$bspa
=005  20130214143909.0
=856  41$3Tapa$uhttp://www.diazdesantos.es/includes/core/image-resize.php?img=http://www.diazdesantos.es/images/libros/SP/SP1394600616.jpg&w=100&constrain=1
=003  AR-BCCAB
=942  \\$cBK
=952  \\$2udc$aPOST$bPOST$d2012-08-03$eArcadia Libros$g$i20022102$o5/6:069 C26$p20022102$yBK
