=LDR  00000cam##22000004a#4500

=001  017691
=008  110921s2012####flua###f#b####001#0#eng##
=245  10$aMetal oxide nanostructures as gas sensing devices /$cG. Eranna.
=260  \\$aBoca Raton, FL :$bCRC Press,$cc2012.
=300  \\$axvi, 316 p. :$bil. ;$c25 cm.
=490  1\$aSeries in sensors
=520  \\$a"With an emphasis on gas (vapor) detection techniques using metal oxide nanomaterials, this book presents the complete list of nanostructured metal oxides and their syntheses. From aluminum to zinc, it analyzes metal oxides and their response to different gaseous (vapor) species. It also analyzes gaseous species from acetic acid to toluene. Numerous tables highlight the synthesis, operating range, responding gases, and response time of various metal oxides. The author details their nanostructures and shapes and explores active devices that use these materials, including future devices and gas sensing arrays such as e-nose. (1) Presents important information on gas sensing devices with an emphasis on future devices (2) Lists the different nanostructured metal oxides useful for gas sensing applications (3) Describes ways of synthesizing these metal oxide nanostructures and identifying the suitable nanostructured material for specific gases and gas mixtures (4) Provides a matrix for nanostructured material versus different pollutant gases and volatile organic compounds (VOCs) suitable for e-nose applications"--$cProvided by publisher.
=504  \\$aIncluye referencias bibliográficas (p. 291-308) and index.
=020  \\$a9781439863404 (hardback)
=020  \\$a1439863407 (hardback)
=100  1\$aEranna, G.
=650  \0$aGas detectors.
=650  \7$aNanostructures.$2inist
=650  \0$aMetallic oxides$xMicrostructure.
=650  \0$aMetallic oxides$xSynthesis.
=650  \7$aSemiconductor devices.$2inist
=650  \7$aNanoestructuras.$2inist
=650  \7$aDispositivos semiconductores.$2inist
=010  \\$a##2011034377
=016  7\$a015826263$2Uk
=040  \\$aDLC$cDLC$dYDX$dBTCTA$dUKMGB$dUV0$dYDXCP$dBWX$dDLC
=050  00$aTP159.C46$bE73 2012
=005  20130312112302.0
=003  AR-BCCAB
=082  00$a621.381$223
=942  \\$cBK
=952  \\$2udc$aPOST$bPOST$d2013-03-08$eM&A$gU{dollar}S145$i20022352$o621.382 E11$p20022352$yBK
