=LDR  00000cam##22000004a#4500

=001  017719
=008  061206s1979####cl#####f#b####001#0#spa#d
=245  10$aMecánica clásica /$cIgor Saavedra [y] Constantino Utreras.
=260  \\$aChile :$bUniversidad Austral,$c1979.
=300  \\$a285 p.
=490  0\$aSerie Instituto de Verano de Física ;$v01
=500  \\$aBIBLIOTECA PERSONAL DEL DR. ERNESTO MARTINEZ, DONADO POR SU HIJA CHRISTINA MARTINEZ.
=504  \\$aIncluye referencias bibliográficas e índice.
=520  \\$a"Apuntes tomados por: Rita Berger, Sonia Berger, Carlos Fischer, Osvaldo Kunstmann, Carmen Maldonado y Lilian Villanueva". -- p. i
=100  1\$aSaavedra, Igor.
=700  1\$aUtreras, Constantino,$eaut.$4aut
=810  2\$aInstituto de Verano de Física$v01
=650  \7$aClassical mechanics.$2inist
=650  \7$aMecánica clásica.$2inist
=005  20130315143851.0
=003  AR-BCCAB
=942  \\$cBK
=952  \\$2udc$aPOST$bPOST$d2013-03-22$eMartínez, E.$i20022374$o531 S12$p20022374$yBK$zX
