=LDR  00000nam##22000005a#4500

=001  017736
=008  080701s2008####maua#####d####000#0#eng##
=245  00$aMerriam-Webster's advanced learner's English dictionary.
=260  \\$aSpringfield, Mass. :$bMerriam-Webster,$cc2008.
=300  \\$a22, 1994 p., 16 láminas :$bil. (algunas col.) ;$c25 cm.
=520  \\$aContiene definiciones de 100000 palabras y frases para estudiantes avanzados de inglés, e incluye guías de pronunciación así como 160000 ejemplos.
=020  \\$a9780877795513 (alk. paper)
=020  \\$a0877795517 (alk. paper)
=020  \\$a9780877795506 (pbk. : alk. paper)
=020  \\$a0877795509 (pbk. : alk. paper)
=246  30$aAdvanced learner's English dictionary.
=080  \\$a038=20
=650  \7$aInglés$vDiccionarios.$2lemb
=650  \0$aEnglish language$vDictionaries.
=010  \\$a##2008028372
=016  7\$a014656875$2Uk
=040  \\$aDLC$cDLC$dYDX$dBTCTA$dBAKER$dYDXCP$dUKM$dGUL$dABI$dOCLCQ$dCQU$dCN5O4$dDLC
=050  00$aPE1628$b.M354 2008
=005  20130520125846.0
=856  41$3Índice$uhttp://www.loc.gov/catdir/toc/ecip0822/2008028372.html
=003  AR-BCCAB
=082  00$a423/.1$222
=942  \\$cBK
=952  \\$2udc$aPOST$bPOST$d2013-05-02$g$i20022393$o038=20 M5512$p20022393$yBK
