=LDR  00000pam##2200000#a#4500

=001  017838
=008  140317s2004####sp#######b####000#0#und#d
=245  10$aUNIX programación avanzada /$cFrancisco Manuel Márquez García.
=250  \\$a3ª ed. ampl. y act.
=260  \\$aMadrid :$bRa-Ma,$cc2004.
=300  \\$axxx, 598 p. ;$c24 cm.
=504  \\$aIncluye referencias bibliográficas (p. [575]-580) e índices.
=520  \\$aUNIX se ha convertido en uno de los sistemas operativos más populares en entornos industriales, académicos y, recientemente, incluso domésticos y brinda al usuario un conjunto de herramientas muy variado y completo. La mayor parte de los programas estándar en UNIX están escritos en lenguaje C, y hace uso de unas piezas básicas conocidas como llamadas al sistema (system calls). El conjunto de llamadas al sistema es la interfaz entre el sistema operativo y el programador que utiliza sus recursos y constituye el núcleo de estudio de este libro, junto con técnicas de programación avanzada que nos permitirán aprovechar al máximo la potencia y flexibilidad de UNIX.
=020  \\$a8478976035
=100  1\$aMárquez García, Francisco Manuel.
=080  \\$a681.324
=650  \7$aUNIX (Lenguajes de programación de computadores)$2lemb
=650  \7$aUNIX (Programming languages Electronic computers)$2lemb
=040  \\$aarbccab$bspa
=005  20151218114431.0
=003  AR-BCCAB
=942  \\$cBK
=952  \\$2udc$aPOST$bPOST$d2014-02-24$eCiencia y Técnica$g$i20022533$o681.324 M348$p20022533$yBK
