=LDR  00000nam##22000005a#4500

=001  017912
=008  990511s1999####enka#####b####001#0#eng##
=245  10$aChannel coding for telecommunications /$cMartin Bossert.
=260  \\$aChichester, England :$bWiley,$cc1999.
=300  \\$axvi, 496 p. :$bil. ;$c26 cm.
=504  \\$aIncluye referencias bibliográficas (p. [475]-487) e índice.
=520  \\$a"This book clearly describes the leading techniques for channel coding. An advanced tutorial greatly improves the reader's understanding of the material. Rigorous analytical and theoretical examples are provided along with sample problems and solutions. The latest research findings on new techniques in channel coding are also included."--ed.
=020  \\$a0471982776 (alk. paper)
=100  1\$aBossert, Martin,$d1955-
=080  \\$a621.391
=650  \0$aCoding theory.
=010  \\$a###99032323#
=040  \\$aDLC$cDLC$dDLC
=050  00$aTK5102.92$b.B67 1999
=005  20141006160401.0
=856  4\$3Índice$uhttp://www.loc.gov/catdir/toc/onix03/99032323.html
=003  AR-BCCAB
=082  00$a003/.54$221
=942  \\$cBK
=952  \\$2udc$aPOST$bPOST$d2014-09-12$i20022631$o621.391 B7456$p20022631$yBK
