=LDR  00000cam##22000004a#4500

=001  017926
=008  141105s2013####xx############000#0#und#d
=245  13$aEl modelo argentino de seguridad democrática :$b2011-2012.
=250  \\$a1ª ed.
=260  \\$aCiudad Autónoma de Buenos Aires :$bMinisterio de Seguridad,$c2013.
=300  \\$a413501 p. :$bil. col, fotos ;$c28 cm.
=520  \\$a"Presenta en forma esquemática el modelo que el Ministerio de Seguridad de la República Argentina ha elaborado y comenzado a implementar desde su creación en diciembre de 2010, para garantizar, en tanto deber indelegable del Estado, el derecho a la seguridad ciudadana en un marco de plena vigencia del sistema democrático y republicano, y el respeto irrestricto de los derechos humanos"--p. 7
=020  \\$a9789872746759
=710  2\$aArgentina.$bMinisterio de Seguridad.
=650  \7$aSeguridad nacional$2lemb
=650  \7$aDerechos humanos$2lemb
=650  \7$aNational securtiy$2lemb
=650  \7$aHuman rights$2lemb
=040  \\$aarbccab$bspa
=005  20141105140434.0
=856  \\$3Texto completo$uhttp://www.inees.gob.ar/images/pdfs/docsEstrategicos/ModeloArgentinoSeguridadDemocratica2011-2012.pdf
=003  AR-BCCAB
=942  \\$cBK
=952  \\$2udc$aPOST$bPOST$d20141105$i20022648$o351.74(82) M7203$p20022648$yBK
