=LDR  00000nam##22000005a#4500

=001  018069
=008  150812s2014####au#ad##fsb####001#0#eng#d
=245  00$aManagement of disused sealed radioactive sources$h[recurso electrónico] /$cInternational Atomic Energy Agency.
=260  \\$aVienna :$bIAEA,$c2014.
=300  \\$a165 p. :$bil. (algunas col.) ;$c30 cm.
=490  0\$aIAEA Nuclear Energy Series ;$vno. NW-T-1.3,$x1995-7807
=500  \\$aSTI/PUB/1657.
=500  \\$aTítulo tomado de la versión electrónica (consultado: 12.08.15).
=504  \\$aIncludes bibliographical references.
=520  \\$aThis publication summarizes the reviewed information distributed in previous IAEA publications and provides an up to date, overall picture of the management of disused sealed radioactive sources (DSRSs) based upon the current status and trends in this field. It incorporates the most recent experience in source management, including newly developed techniques used for DSRS conditioning and storage. Problems encountered and lessons learned are also highlighted in the publication in order to help avoid the mistakes commonly made in the past in managing disused sources.
=538  \\$aModo de acceso: World Wide Web.
=020  \\$a9789201032140
=710  2\$aInternational Atomic Energy Agency.
=080  \\$a621.039.7
=650  \7$aRadioactive substances - Safety measures$2inist
=650  \7$aRadioactive waste management$2inist
=650  \7$aRadiation - Safety measures$2inist
=650  \7$aSustancias radiactivas - Medidas de seguridad$2lemb
=650  \7$aGestión de residuos radiactivos$2inist
=650  \7$aRadiación - Medidas de seguridad$2lemb
=040  \\$aarbccab$bspa
=856  40$qpdf$s7.556 Kb$uhttp://www-pub.iaea.org/MTCD/Publications/PDF/Pub1657%5Fweb.pdf$3Texto completo
=856  40$uhttp://campi.cab.cnea.gov.ar/tocs/tapas/10582.jpg$3Tapa
=005  20160418140248.0
=003  AR-BCCAB
=942  \\$cBK
