=LDR  00000nam##22000005a#4500

=001  018073
=008  150814s2015####au#a###fsb####001#0#eng#d
=245  00$aSecurity of nuclear information$h[recurso electrónico] :$bimplementing guide /$cInternational Atomic Energy Agency.
=260  \\$aVienna :$bIAEA,$c2015.
=300  \\$a54 p. :$bil., tablas ;$c24 cm.
=490  0\$aIAEA Nuclear Security Series,$x1816-9317 ;$vno. 23-G
=500  \\$aSTI/PUB/1677.
=500  \\$aTítulo tomado de la versión electrónica (consultado: 14.08.15).
=504  \\$aIncludes bibliographical references.
=520  \\$aThis publication provides guidance on implementing the principle of confidentiality and on the broader aspects of information security (i.e. integrity and availability). It assists states in bridging the gap between existing government and industry standards on information security, the particular concepts and considerations that apply to nuclear security and the special provisions and conditions that exist when dealing with nuclear material and other radioactive material. Specifically it seeks to assist states in the identification, classification, and assignment of appropriate security controls to information that could adversely impact nuclear security if compromised.
=538  \\$aModo de acceso: World Wide Web.
=020  \\$a9789201106148
=710  2\$aInternational Atomic Energy Agency.
=080  \\$a621.039
=650  \7$aNuclear industry$xSecurity measures$2inist
=650  \7$aNuclear facilities$xSecurity measures$2inist
=650  \7$aComputer security$2inist
=650  \7$aSecurity systems$2inist
=650  \7$aConfidential communications - Access control$2inist
=650  \7$aIndustria nuclear$2inist
=650  \7$aInstalaciones nucleares$2inist
=650  \7$aSistemas de seguridad$2lemb
=650  \7$aComunucaciones confidenciales$2lemb
=653  \\$aSeguridad informática
=040  \\$aarbccab$bspa
=856  40$qpdf$s605 Kb$uhttp://www-pub.iaea.org/MTCD/Publications/PDF/Pub1677web-32045715.pdf$3Texto completo
=856  40$uhttp://campi.cab.cnea.gov.ar/tocs/tapas/p1677cov-2869340.jpg$3Tapa
=005  20151112103627.0
=003  AR-BCCAB
=942  \\$cBK
