=LDR  00000nam##22000005a#4500

=001  018075
=008  150818s2015####au#a###fsb####001#0#eng#d
=245  00$aFeasibility of producing molybdenum-99 on a small scale using fission of low enriched uranium or neutron activation of natural molybdenum$h[recurso electrónico] /$cInternational Atomic Energy Agency.
=260  \\$aVienna :$bIAEA,$c2015.
=300  \\$a168 p. :$bil. (algunas col.) ;$c24 cm. +$e1 CD-ROM.
=490  0\$aIAEA Technical Reports Series,$x00741914 ;$vno. 478
=500  \\$aSTI/DOC/010/478.
=500  \\$aIncludes Companion CD.
=500  \\$aTítulo tomado de la versión electrónica (consultado: 18.08.15).
=504  \\$aIncludes bibliographical references.
=520  \\$aThis publication documents the work performed within an IAEA coordinated research project (CRP) on developing techniques for small scale indigenous molybdenum-99 production using low enriched uranium (LEU) fission or neutron activation. This captures the steps participants undertook in examining the feasibility of becoming small scale 99Mo producers. Most participants carried out work related to the entire production process, from target assembly through irradiation, planning for target disassembly in hot cells, chemical processing of targets, quality control practices, and managing waste streams. Some participants focused on one particular area, for example, testing new methods for production of LEU foil for targets and the production of gel generators from 99Mo solution. The publication aggregates all of the work undertaken as part of the CRP in order to present the results as a whole.
=538  \\$aModo de acceso: World Wide Web.
=020  \\$a9789201147134
=710  2\$aInternational Atomic Energy Agency.
=080  \\$a621.039
=650  \7$aMolybdenum - Isotopes$2inist
=650  \7$aRadionuclide generators$2inist
=650  \7$aRadiopharmaceuticals - Synthesis$2inist
=650  \7$aRadioisotopes$2inist
=650  \7$aIsotopos de molibdeno$2inis
=650  \7$aRadionucleidos$2inist
=650  \7$aRadiofarmacos$2inist
=650  \7$aRadisotopos$2inist
=040  \\$aarbccab$bspa
=856  40$qpdf$s6.340 Kb$uhttp://www-pub.iaea.org/MTCD/Publications/PDF/trs478web-32777845.pdf$3Texto completo
=856  40$qpdf$uhttp://www-pub.iaea.org/books/IAEABooks/Supplementary%5FMaterials/files/10599/Feasibility-Producing-Molybdenum-99-Small-Scale-Using-Fission-Low-Enriched-Uranium-or-Neutron-Activation-Natural-Molybdenum$3Download Companion CD
=856  40$uhttp://campi.cab.cnea.gov.ar/tocs/tapas/trs478cov-94585603.jpg$3Tapa
=005  20151112103732.0
=003  AR-BCCAB
=942  \\$cBK
