=LDR  00000nam##22000005a#4500

=001  018076
=008  150818s2015####au#a###fsb####101#0#eng#d
=245  10$aNaturally occurring radioactive material (Norm VII)$h[recurso electrónico] :$bproceedings of the seventh International Symposium on naturally occurring radioactive material /$corganized by the China Institute of Atomic Energy and the Nuclear and Radiation Safety Centre, Ministry of Environmental Protection, China in cooperation with the International Atomic Energy Agency, hosted by the China Atomic Energy Authority and the National Nuclear Safety Administration, China and held in Beijing, China, 22-26 April 2013.
=260  \\$aVienna :$bIAEA,$c2015.
=300  \\$a686 p. :$bil. (algunas col.), tablas ;$c24 cm. +$e1 CD-ROM.
=490  0\$aProceedings Series,$x00741884
=500  \\$aSTI/PUB/1664.
=500  \\$aIncludes Companion CD.
=500  \\$aTítulo tomado de la versión electrónica (consultado: 18.08.15).
=504  \\$aIncludes bibliographical references.
=520  \\$aThis publication is the proceedings of the Seventh International Symposium on Naturally Occurring Radioactive Material (NORM), which was organized in cooperation with the IAEA as part of its programme to promote application of the safety standards to natural sources of radiation and to disseminate information to Member States. NORM VII provided an opportunity to review the many developments that had taken place over the past three years since the previous symposium in this series. This period was characterized by ongoing activities to revise international standards on radiation protection and safety and the further implementation of these standards in many countries. The proceedings contain 48 oral presentations and four rapporteur reports, as well as a summary that concludes with the main findings of the symposium. Text versions of 19 poster presentations are provided on the attached CD-ROM.
=538  \\$aModo de acceso: World Wide Web.
=020  \\$a9789201040145
=111  2\$aInternational Symposium on Naturally Occurring Radioactive Material$n(7th :$d22-26 April 2013 :$cBeijing, China)
=710  2\$aInternational Atomic Energy Agency.
=080  \\$a614.876
=650  \7$aRadioactive substances$vCongresses$2inist
=650  \7$aIonizing radiation$xDosage$vCongresses$2inist
=650  \7$aRadiation protection$2inist
=650  \7$aSustancias radiactivas$2lemb
=650  \7$aRadiaciones ionizantes$2inis
=650  \7$aProtección contra las radiaciones$2inist
=040  \\$aarbccab$bspa
=856  40$qpdf$s7.782 Kb$uhttp://www-pub.iaea.org/MTCD/Publications/PDF/Pub1664%5Fweb.pdf$3Texto completo
=856  40$qpdf$s4.957 Mb$uhttp://www-pub.iaea.org/books/IAEABooks/Supplementary%5FMaterials/files/10675/Naturally-Occurring-Radioactive-Material-NORM-VII-Proceedings-International-Symposium-Beijing-China-22-26-April-2013$3Download Companion CD
=856  40$uhttp://campi.cab.cnea.gov.ar/tocs/tapas/10675.jpg$3Tapa
=005  20151112103802.0
=003  AR-BCCAB
=942  \\$cBK
