=LDR  00000nam##22000005a#4500

=001  018077
=008  150818s2015####au#a###fsb####001#0#eng#d
=245  00$aSite survey and site selection for nuclear installations :$bspecific safety guide$h[recurso electrónico] /$cInternational Atomic Energy Agency.
=260  \\$aVienna :$bIAEA,$c2015.
=300  \\$a61 p. :$bil., tablas ;$c24 cm.
=490  0\$aIAEA Safety Standards Series,$xno. SSG-35 ;$v1020525X
=500  \\$aSTI/PUB/1690.
=500  \\$aTítulo tomado de la versión electrónica (consultado: 18.08.15).
=504  \\$aIncludes bibliographical references.
=520  \\$aThis publication was prepared under the IAEA's programme for safety standards and complements other safety guides that deal with all safety considerations in site evaluation regarding the effects of external events and population distribution. It supplements and provides recommendations on meeting the requirements for nuclear installations established in the safety requirements publication on Site Evaluation for Nuclear Installations (IAEA Safety Standards Series No. NS-R-3) in terms of the safety aspects to be considered during the stages of the selection process of a site for a nuclear installation.
=538  \\$aModo de acceso: World Wide Web.
=020  \\$a9789201024152
=710  2\$aInternational Atomic Energy Agency.
=246  14$aIAEA Safety Standards for protecting people and the environment
=080  \\$a621.039
=650  \7$aNuclear facilities$xLocation$2inist
=650  \7$aNuclear power plants$xLocation$2inist
=650  \7$aNuclear facilities$xSafety measures$2inist
=650  \7$aInstalaciones nucleares$2inist
=650  \7$aCentrales nucleares$2inist
=040  \\$aarbccab$bspa
=856  40$qpdf$s774 Kb$uhttp://www-pub.iaea.org/MTCD/Publications/PDF/Pub1690Web-41934783.pdf$3Texto completo
=856  40$uhttp://campi.cab.cnea.gov.ar/tocs/tapas/p1690cov-60596627.jpg$3Tapa
=005  20151112103849.0
=003  AR-BCCAB
=942  \\$cBK
