=LDR  00000nam##22000005a#4500

=001  018078
=008  150818s2015####au#a###fsb####001#0#eng#d
=245  00$aSchedules of provisions of the IAEA regulations for the safe transport of radioactive material (2012 edition) :$bspecific safety guide$h[recurso electrónico] /$cInternational Atomic Energy Agency.
=260  \\$aVienna :$bIAEA,$c2015.
=300  \\$a289 p. :$bil. ;$c24 cm.
=490  0\$aIAEA Safety Standards Series ;$vno. SSG-33,$x1020525X
=500  \\$aSTI/PUB/1666.
=500  \\$aTítulo tomado de la versión electrónica (consultado: 18.08.15).
=504  \\$aIncludes bibliographical references.
=520  \\$aThis Safety Guide aims to aid users of radioactive material and regulators by providing a listing of relevant requirements of the regulations (IAEA Safety Standards Series No. SSR-6) as applicable to the type of radioactive material, package or shipment. Once a consignor has properly classified the radioactive material to be shipped (following the recommendations provided in Section 2 and Fig. 1 of this Safety Guide), the appropriate UN number can be assigned and the paragraph numbers of specific requirements for shipment can be found in the corresponding schedule.
=538  \\$aModo de acceso: World Wide Web.
=020  \\$a9789201042149
=710  2\$aInternational Atomic Energy Agency.
=246  14$aIAEA Safety Standards for protecting people and the environment
=080  \\$a614.876
=650  \7$aRadioactive substances - Safety measures$xTransportation$2inist
=650  \7$aRadioactive substances - Safety regulations$2inist
=650  \7$aRadioactive substances - Security measures$2inist
=650  \7$aSustancias radiactivas$2lemb
=650  \7$aSustancias radiactivas - Medidas de seguridad$2lemb
=040  \\$aarbccab$bspa
=856  40$qpdf$s1.178 Kb$uhttp://www-pub.iaea.org/MTCD/Publications/PDF/Pub1666web-37958620.pdf$3Texto completo
=856  40$uhttp://campi.cab.cnea.gov.ar/tocs/tapas/p1666cov-45943301.jpg$3Tapa
=005  20151112103918.0
=003  AR-BCCAB
=942  \\$cBK
