=LDR  00000nam##22000005a#4500

=001  018080
=008  150819s2015####au#a###fsb####001#0#eng#d
=245  00$aUtilization of accelerator based real time methods in investigation of materials with high technological importance$h[recurso electrónico] :$bproceedings of an IAEA technical meeting /$cInternational Atomic Energy Agency.
=260  \\$aVienna :$bIAEA,$c2015.
=300  \\$a104 p. :$bil. (algunas col.) ;$c30 cm.
=490  0\$aIAEA Radiation Technology Reports Series ;$vno. 4,$x22258833
=500  \\$aSTI/PUB/1649.
=500  \\$aTítulo tomado de la versión electrónica (consultado: 18.08.15).
=504  \\$aIncludes bibliographical references.
=520  \\$aThis publication presents the state of the art in the development and application of various accelerator based real time techniques. It reports examples of multidisciplinary scientific topics and challenges where application of accelerator based methods would bring significant benefits in terms of research data and further understanding of the scientific issues. The research activities that can profit from real time material characterizations using synchrotron radiation, neutron, ion and electron beams, and simultaneous combinations of different techniques are also briefly discussed. A recurrent theme emerging from the presented papers is that further work is needed to develop more robust and longer working life materials for energy applications.
=538  \\$aModo de acceso: World Wide Web.
=020  \\$a9789201023148
=710  2\$aInternational Atomic Energy Agency.
=080  \\$a621.384
=650  \7$aSynchrotron radiation$2inist
=650  \7$aElectron accelerators$2inist
=650  \7$aParticleaccelerators$2inist
=650  \7$aSpectroscopic techniques$2inist
=650  \7$aScattering (Physics)$2inist
=650  \7$aRadiación sincrotronica$2inist
=650  \7$aDispersión$2inist
=653  \\$aTécnicas espectroscópicas
=040  \\$aarbccab$bspa
=856  40$qpdf$s4.991 Kb$uhttp://www-pub.iaea.org/MTCD/Publications/PDF/Pub1649web-34891344.pdf$3Texto completo
=856  40$uhttp://campi.cab.cnea.gov.ar/tocs/tapas/p1649cov-98786834.jpg$3Tapa
=005  20151112104016.0
=003  AR-BCCAB
=942  \\$cBK
