=LDR  00000nam##22000005a#4500

=001  018082
=008  150819s2015####au#####f###m########eng#d
=245  00$aResearch reactor benchmarking database$h[recurso electrónico] :$bfacility specification and experimental data /$cInternational Atomic Energy Agency.
=256  \\$aDatos electrónicos
=260  \\$aVienna :$bIAEA,$c2015.
=300  \\$a1 CD-ROM.
=490  0\$aTechnical Reports Series ;$vno. 480,$x0074-1914
=500  \\$aSTI/DOC/010/480.
=500  \\$aTítulo tomado de la versión electrónica.
=500  \\$aInstructions: Save the compressed folder (zip file), then extract all files. Click on "index.htm".
=520  \\$aThis publication contains the facility specifications, experiment descriptions, and corresponding experimental data for nine different research reactors covering a wide range of research reactor types, power levels and experimental configurations. Each data set was prepared in order to serve as a stand-alone resource of well documented experimental data, which can subsequently be used in benchmarking and validation of the neutronic and thermal hydraulic computational methods and tools employed for improved utilization, operation and safety analysis of research reactors.
=538  \\$aModo de acceso: World Wide Web.
=020  \\$a9789201517142
=710  2\$aInternational Atomic Energy Agency.
=080  \\$a621.039.5
=650  \7$aNuclear reactors$2inist
=650  \7$aResearch reactors$2inist
=650  \7$aBenchmarks$2inist
=650  \7$aReactores$2inist
=650  \7$aReactores de investigación$2inist
=650  \7$aPatrones$2inist
=040  \\$aarbccab$bspa
=856  40$qzip$s47,7 Mb$uhttp://www-pub.iaea.org/books/IAEABooks/10578/Research-Reactor-Benchmarking-Database-Facility-Specification-and-Experimental-Data$3Texto completo
=856  40$uhttp://campi.cab.cnea.gov.ar/tocs/tapas/TRS-480%5FCDcov.jpg$3Tapa
=005  20151112104109.0
=003  AR-BCCAB
=942  \\$cBK
