=LDR  00000nam##22000005a#4500

=001  018087
=008  150820s2015####au#a###fsb####001#0#eng#d
=245  00$aImplementation of high dose rate brachytherapy in limited resource settings$h[recurso electrónico] /$cInternational Atomic Energy Agency.
=260  \\$aVienna :$bIAEA,$c2015.
=300  \\$a97 p. :$bil. (algunas col.), tablas ;$c24 cm.
=490  0\$aIAEA Human Health Series ;$vno. 30,$x20753772
=500  \\$aSTI/PUB/1670.
=500  \\$aTítulo tomado de la versión electrónica (consultado: 20.08.15).
=504  \\$aIncludes bibliographical references.
=520  \\$aBrachytherapy is an essential component of the curative treatment of cervical cancer, a disease with high incidence in many developing countries The IAEA supports the use of high dose rate brachytherapy for centres with a large number of patients with this disease. HDR brachytherapy is also used in other common cancers such as breast cancer, lung, oesophagus and prostate. This publication provides guidance to radiation oncologists, medical physicists and planners on establishing and operating a high dose rate brachytherapy unit with modern standards and presents the main issues to be addressed for its effective and safe operation.
=538  \\$aModo de acceso: World Wide Web.
=020  \\$a9789201072146
=710  2\$aInternational Atomic Energy Agency.
=080  \\$a615.849
=650  \7$aRadioisotope brachytherapy$2inist
=650  \7$aCancer - Radiotherapy$2inist
=650  \7$aRadiotherapy - Safety measures$2inist
=650  \7$aBrachytherapy$2inist
=650  \7$aRadisotopos$2inist
=650  \7$aRadioterapia$2inist
=650  \7$aBraquiterapia$2inist
=040  \\$aarbccab$bspa
=856  40$qpdf$s1.784 Kb$uhttp://www-pub.iaea.org/MTCD/Publications/PDF/Pub1670web-5444797.pdf$3Texto completo
=856  40$uhttp://campi.cab.cnea.gov.ar/tocs/tapas/p1670cov-40576868.jpg$3Tapa
=005  20151112104443.0
=003  AR-BCCAB
=942  \\$cBK
