=LDR  00000nam##22000005a#4500

=001  018088
=008  150820s2015####au#a###fsb####001#0#eng#d
=245  00$aAgeing management for nuclear power plants$h[recurso electrónico] :$bInternational Generic Ageing Lessons Learned (IGALL) /$cInternational Atomic Energy Agency.
=260  \\$aVienna :$bIAEA,$c2015.
=300  \\$a87 p. :$btablas ;$c24 cm.
=490  0\$aIAEA Safety Reports Series ;$vno. 82,$x10206450
=500  \\$aSTI/PUB/1675.
=500  \\$aTítulo tomado de la versión electrónica (consultado: 20.08.15).
=504  \\$aIncludes bibliographical references.
=520  \\$aThis publication provides a common internationally agreed basis on what constitutes an acceptable ageing management programme, as well as a knowledge base on ageing management for the design of new plants and design and safety reviews, and aims to serve as a roadmap to available information on ageing management. It addresses ageing management of passive and active structures and components for water moderated reactors that can have an impact, directly or indirectly, on the safe operation of the plant and that are susceptible to ageing degradation. The information provided is relevant for plants under normal operation, for plants considering long term operation, as well as for new plants including new designs. It underlines that ageing management should be implemented from the start of operation of nuclear power plants and that adequate provisions to facilitate effective ageing management should be made during the plant design, construction, commissioning, operation, and decommissioning.
=538  \\$aModo de acceso: World Wide Web.
=020  \\$a9789201102140
=710  2\$aInternational Atomic Energy Agency.
=080  \\$a621.039
=650  \7$aNuclear power plants$xSafety measures$2inist
=650  \7$aNuclear power plants$xMaintenance and repair$2inist
=650  \7$aNuclear power plants$xReliability$2inist
=650  \7$aCentrales nucleares$2inist
=040  \\$aarbccab$bspa
=856  40$qpdf$s735 Kb$uhttp://www-pub.iaea.org/MTCD/Publications/PDF/Pub1675web-6125893.pdf$3Texto completo
=856  40$uhttp://campi.cab.cnea.gov.ar/tocs/tapas/p1675cov-63163184.jpg$3Tapa
=005  20151112104550.0
=003  AR-BCCAB
=942  \\$cBK
