=LDR  00000nam##22000005a#4500

=001  018089
=008  150821s2015####au#a###fsb####001#0#eng#d
=245  00$aPlant life management models for long term operation of nuclear power plants$h[recurso electrónico] /$cInternational Atomic Energy Agency.
=260  \\$aVienna :$bIAEA,$c2015.
=300  \\$a134 p. :$bil. (algunas col.), tablas ;$c30 cm.
=490  0\$aIAEA Nuclear Energy Series ;$vno. NP-T-3.18,$x19957807
=500  \\$aSTI/PUB/1655.
=500  \\$aTítulo tomado de la versión electrónica (consultado: 21.08.15).
=504  \\$aIncludes bibliographical references.
=520  \\$aWhen nuclear power plants reach the end of their nominal design life, they undergo a special safety review and an ageing assessment of their essential structures, systems and components for the purpose of validating or renewing their licence to operate for terms beyond the service period originally intended. Three different plant life management models have been used to qualify these nuclear power plants to operate beyond their original design life. This publication presents a collection of sample licensing practices for long term operation among IAEA Member States. The various plant life management models used to obtain long term operation authorizations are described and comparisons drawn against the standard periodic safety review model. Lessons learned and warnings about possible complications and pitfalls are also described to minimize the licensing risk during operation and future long term operation applications. The main intention of this publication is to support nuclear power plant owners and operators planning an extension of plant operation beyond its original design life, but it also serves as a useful guide for those interested in procuring, from the beginning, the necessary tools to implement ageing management in their future plant with long term operation in mind.
=538  \\$aModo de acceso: World Wide Web.
=020  \\$a9789201030146
=710  2\$aInternational Atomic Energy Agency.
=080  \\$a621.039
=650  \7$aNuclear power plants$xManagement$2inist
=650  \7$aNuclear power plants$xMaintenance and repairs$2inist
=650  \7$aNuclear power plants - Safety measures$2inist
=650  \7$aNuclear power plants$xLicenses$2inist
=650  \7$aCentrales nucleares$2inist
=040  \\$aarbccab$bspa
=856  40$qpdf$s7.114 Kb$uhttp://www-pub.iaea.org/MTCD/Publications/PDF/Pub1655%5Fweb.pdf$3Texto completo
=856  40$uhttp://campi.cab.cnea.gov.ar/tocs/tapas/10520.jpg$3Tapa
=005  20151112104613.0
=003  AR-BCCAB
=942  \\$cBK
