=LDR  00000nam##22000005a#4500

=001  018091
=008  150821s2015####au#####fsb####001#0#eng#d
=245  00$aUse of nuclear material accounting and control for nuclear security at facilities$h[recurso electrónico] :$bimplementing guide /$cInternational Atomic Energy Agency.
=260  \\$aVienna :$bIAEA,$c2015.
=300  \\$a63 p. ;$c24 cm.
=490  0\$aIAEA Nuclear Security Series ;$vno. 25-G,$x18169317
=500  \\$aSTI/PUB/1685.
=500  \\$aTítulo tomado de la versión electrónica (consultado: 21.08.15).
=504  \\$aIncludes bibliographical references.
=520  \\$aNuclear material accounting and control (NMAC) works in a complementary fashion with the international safeguards programme and physical protection systems to help prevent, deter or detect the unauthorized acquisition and use of nuclear materials. These three methodologies are employed by Member States to defend against external threats, internal threats and both state actors and non-state actors. This publication offers guidance for implementing NMAC measures for nuclear security at the nuclear facility level. It focuses on measures to mitigate the risk posed by insider threats and describes elements of a programme that can be implemented at a nuclear facility in coordination with the physical protection system for the purpose of deterring and detecting unauthorized removal of nuclear material.
=538  \\$aModo de acceso: World Wide Web.
=020  \\$a9789201019158
=710  2\$aInternational Atomic Energy Agency.
=080  \\$a621.039.7
=650  \7$aNuclear facilities - Security measures$2inist
=650  \7$aNuclear industry$xMaterials management$2inist
=650  \7$aRadioactive substances$xInventories$2inist
=650  \7$aInstalaciones nucleares$2inist
=650  \7$aIndustria nuclear$2inist
=650  \7$aSustancias radiactivas$2lemb
=040  \\$aarbccab$bspa
=856  40$qpdf$s622 Kb$uhttp://www-pub.iaea.org/MTCD/Publications/PDF/Pub1685web-43244937.pdf$3Texto completo
=856  40$uhttp://campi.cab.cnea.gov.ar/tocs/tapas/p1685cov-34188039.jpg$3Tapa
=005  20151112104640.0
=003  AR-BCCAB
=942  \\$cBK
