=LDR  00000nmm##22000005a#4500

=001  018096
=008  150821s2015####au#a###fsb####001#0#eng#d
=245  00$aInstrumentation and control systems and software important to safety for research reactors$h[recurso electrónico] :$bspecific safety guide /$cInternational Atomic Energy Agency.
=260  \\$aVienna :$bIAEA,$c2015.
=300  \\$a75 p. :$bil. ;$c24 cm.
=490  0\$aIAEA Safety Standards Series,$x1020525X ;$vno. SSG-37
=500  \\$aSTI/PUB/1692.
=500  \\$aTítulo tomado de la versión electrónica (consultado: 21.08.15).
=504  \\$aIncludes bibliographical references.
=520  \\$aThis Safety Guide provides recommendations and guidance on instrumentation and control systems and software important to safety for research reactors, including instrumentation and control system architecture and associated components, from sensors to actuators, operator interfaces and auxiliary equipment. It also provides recommendations on computer based systems and software, including software requirements and design, verification and validation, integration, and operation. This publication also addresses safety classification, design, implementation, qualification and operation of instrumentation as well as control systems. The recommendations and guidance apply to both the design and configuration management of instrumentation and control systems for new research reactors and the modernization of the instrumentation and control systems to existing research reactor facilities. In addition this Safety Guide provides recommendations and guidance on human factors engineering and human machine interfaces, and for computer based systems and software for use in instrumentation and control systems important to safety.
=538  \\$aModo de acceso: World Wide Web.
=020  \\$a9789201026156
=710  2\$aInternational Atomic Energy Agency.
=246  14$aIAEA Safety Standards for protecting people and the environment
=080  \\$a621.039
=650  \7$aNuclear reactors - Safety measures$2inist
=650  \7$aNuclear engineering$xInstruments$2inist
=650  \7$aNuclear reactors$xControl$2inist
=650  \7$aReactores$2inist
=650  \7$aIngeniería nuclear$2inist
=040  \\$aarbccab$bspa
=856  40$qpdf$s913 Kb$uhttp://www-pub.iaea.org/MTCD/Publications/PDF/Pub1692web-47317079.pdf$3Texto completo
=856  40$uhttp://campi.cab.cnea.gov.ar/tocs/tapas/p1692cov-90698443.jpg$3Tapa
=005  20151112104824.0
=003  AR-BCCAB
=942  \\$cBK
