=LDR  00000nam##22000005a#4500

=001  018129
=008  150911s2015####au#a###fs#####001#0#eng#d
=245  00$aEnergy, electricity and nuclear power estimates for the period up to 2050$h[recurso electrónico] /$cInternational Atomic Energy Agency.
=260  \\$aVienna :$bIAEA,$c2015.
=300  \\$a53 p. :$bil., tablas.
=490  0\$aReference Data Series,$x1011-2642 ;$vno. 1
=500  \\$aRDS-1/35.
=500  \\$aTítulo tomado de la versión electrónica (consultado: 11.09.15).
=520  \\$aThe 35th edition of the annual Reference Data Series No.1 contains estimates of energy, electricity and nuclear power trends up to the year 2050, using a variety of sources, such as the IAEA's Power Reactor Information System and data prepared by the United Nations.
=538  \\$aModo de acceso: World Wide Web.
=020  \\$a9789201059154
=710  2\$aInternational Atomic Energy Agency.
=080  \\$a621.039
=650  \7$aNuclear energy$vStatistics$2inist
=650  \7$aElectric power$vStatistics$2inist
=650  \7$aPower resources$vStatistics$2inist
=650  \7$aEnergy consumption$vStatistics$2inist
=650  \7$aEnergía nuclear$xEstadísticas$2inist
=650  \7$aEnergía eléctrica$xEstadísticas$2inist
=650  \7$aRecursos energéticos$xEstadísticas$2lemb
=650  \7$aConsumo energético$xEstadísticas$2inist
=040  \\$aarbccab$bspa
=856  40$qpdf$s775 Kb$uhttp://www-pub.iaea.org/MTCD/Publications/PDF/rds1-35web.pdf$3Texto completo
=856  40$uhttp://campi.cab.cnea.gov.ar/tocs/tapas/rds1-35cov.jpg$3Tapa
=005  20151112104859.0
=003  AR-BCCAB
=942  \\$cBK
