=LDR  00000nam##22000005a#4500

=001  018131
=008  150914s2015####au#a###fs#####001#0#eng#d
=245  00$aNuclear power reactors in the world$h[recurso electrónico] /$cInternational Atomic Energy Agency.
=260  \\$aVienna :$bIAEA,$c2015.
=300  \\$a79 p. :$bil., tablas. ;$c18 cm.
=490  0\$aReference Data Series,$x1011-2642 ;$vno. 2
=500  \\$aRDS-2/35.
=500  \\$aTítulo tomado de la versión electrónica (consultado: 14.09.15).
=520  \\$aThis is the 35th edition of Reference Data Series No.2, which presents the most recent reactor data available to the IAEA. It contains summarized information as of the end of 2014 on power reactors operating, under construction and shut down as well as performance data on reactors operating in the IAEA Member States. The information is collected through designated national correspondents in the Member States and the data are used to maintain the IAEA's Power Reactor Information System (PRIS).
=538  \\$aModo de acceso: World Wide Web.
=020  \\$a9789201049155
=710  2\$aInternational Atomic Energy Agency.
=080  \\$a621.039
=650  \7$aNuclear energy$2inist
=650  \7$aNuclear power plants$2inist
=650  \7$aReactors$2inist
=650  \7$aEnergía nuclear$2inist
=650  \7$aCentrales nucleares$2inist
=650  \7$aReactores$2inist
=040  \\$aarbccab$bspa
=856  40$qpdf$s1.287 Kb$uhttp://www-pub.iaea.org/MTCD/Publications/PDF/rds2-35web-85937611.pdf$3Texto completo
=856  40$uhttp://campi.cab.cnea.gov.ar/tocs/tapas/rds2-35cov-1666940.jpg$3Tapa
=005  20151112104524.0
=003  AR-BCCAB
=942  \\$cBK
