=LDR  00000nam##22000005a#4500

=001  018132
=008  150914s2000####ag#a###f#######00##0spaa#
=245  10$aEstudio cinético de la transformación de fase [gamma][->][alpha] en Fe_2O_3 /$cCésar P. Bilicich.
=260  \\$aSan Carlos de Bariloche :$bs.n.,$c2000.
=300  \\$a20 h. :$bfigs., tablas ;$c30 cm.
=500  \\$aInforme Final presentado para la Escuela de Verano del Instituto Balseiro. División Cinética Química, UCT Pilcaniyeu.
=500  \\$aDirectores: Dra. Ana E. Bohé y Dr. Julio Andrade Gamboa.
=520  \\$aSe estudió la transformación de fase [gamma][->][alpha] activada por efectos térmicos, hallando una ecuación teórica que representó adecuadamente los datos experimentales. También se determinó la energía de activación y los otros parámetros cinéticos de la transformación en estudio.
=100  1\$aBilicich, César P.$4aut
=700  1\$aBohé, Ana E.$4ths
=700  1\$aAndrade Gamboa, Julio.$4ths
=710  2\$aUniversidad Nacional de Cuyo.$bInstituto Balseiro.$4dgg
=080  \\$a(043)53 2000
=650  \7$aKinetics$vTheses.$2inist
=650  \7$aCinética$vTesis$2inist
=040  \\$aarbccab$bspa
=005  20150922093955.0
=003  AR-BCCAB
=942  \\$cBK
=952  \\$2udc$aPOST$bPOST$i20020312$oI.F. (043)53 2000 B492$p20020312$yBK
