=LDR  00000nam##22000005a#4500

=001  018139
=008  150917s2001####ag#a###f#b####000#0#spa#d
=245  00$aDiseño y armado de una experiencia de transporte eléctrico de corriente alterna - medición y adquisición de datos /$cCarlos Gustavo Rodriguez Medina.
=260  \\$aSan Carlos de Bariloche :$bs.n.,$c2001.
=300  \\$a[14] h. :$bil. ;$c30 cm.
=500  \\$aInforme presentado por la Beca de Verano del Instituto Balseiro.
=500  \\$aDirector: Laura Steren.
=504  \\$aIncluye referencias bibliográficas: h. [10].$b7.
=520  \\$aEn el estudio de las propiedades magnetoresistentes de los materiales, se hace necesario conocer su comportamiento ante variaciones de ciertas condiciones como son: temperatura, campo magnético, etc. En este trabajo se describe el diseño y armado de una experiencia de transporte eléctrico que se implementó para el estudio de distintos materiales. El circuito donde se colocó la muestra se alimentó con corriente alterna y se utilizó un amplificador Lock-in para medir la señal sobre la misma, la cual es adquirida por una computadora. Para que todo esto sea posible, además se realizó un programa que permite la comunicación entre la computadora y el Lock-in, teniendo en cuenta sus características. Finalmente, se llevó a cabo la medición de una muestra de material bulk: La_2/3 Sr_1/3 MnO_3 para observar y controlar el funcionamiento del sistema implementado.
=100  0\$aRodriguez Medina, Carlos Gustavo.$4aut
=700  0\$aSteren, Laura.$4ths
=710  0\$aUniversidad Nacional de Cuyo.$bInstituto Balseiro.$4dgg
=080  \\$a(043)53 2001
=650  \7$aAlternating current$vTheses$2inist
=650  \7$aMagnetoresistance$vTheses$2inist
=650  \7$aCorriente alterna$vTesis$2inist
=650  \7$aMagnetoresistencia$vTesis$2inist
=040  \\$aarbccab$bspa
=005  20151001104430.0
=003  AR-BCCAB
=942  \\$cBK
=952  \\$2udc$aPOST$bPOST$i20020315$oI.F. (043)53 2001 Rm618$p20020315$yBK
