=LDR  00000ntm##22000005a#4500

=001  018147
=008  150921s2001####ag#a###f#b#####00##0spaa#
=245  10$aAnálisis de sensibilidad a los coeficientes en problemas de transporte y difusión en medios porosos. Aplicación a estudios de repositorios /$cJavier Francesconi.
=260  \\$a[San Carlos de Bariloche] :$bs.n.,$c2001.
=300  \\$a29 h. :$bil. (algunas col.) ;$c30 cm.
=500  \\$aInforme presentado por la Beca de Verano del Instituto Balseiro. División Mecánica Computacional - U.A. Temadi.
=500  \\$aDirector: Dr. Fernando Quintana.
=504  \\$aIncluye referencias bibliográficas: h. 28-29.$b11
=520  \\$aSe analiza la influencia de los parámetros que gobiernan el modelo de transporte y difusión de contaminantes en medios porosos. El dominio en estudio consiste en un repositorio en roca granítica considerando diferentes materiales. Se utilizan técnicas computacionales de elementos finitos para generar los resultados. Se obtiene la evolución temporal de las ecuaciones de convección-difusión por medio de un método estabilizado (SGS) más un tratamiento adaptivo por diferencias finitas de la variable temporal. Debido a la incerteza o falta de información en la bibliografía de parámetros tales como la permeabilidad o coeficientes de dispersión para los diferentes materiales, resulta necesario evaluar la respuesta para diferentes posibles valores. Los resultados obtenidos permiten cuantificar la influencia de la permeabilidad y los coeficientes de dispersión en la migración del contaminante en el macizo granítico.
=100  1\$aFrancesconi, Javier.$4aut
=700  1\$aQuintana, Fernando.$4ths
=710  2\$aUniversidad Nacional de Cuyo.$bInstituto Balseiro.$4dgg
=080  \\$a(043)53 2001
=650  \7$aGranites$vTheses$2inist
=650  \7$aComputerized simulation$vTheses$2inist
=650  \7$aGranitos$vTesis$2inist
=650  \7$aSimulación computarizada$vTesis$2inist
=040  \\$aarbccab$bspa
=005  20150922094609.0
=003  AR-BCCAB
=942  \\$cBK
=952  \\$2udc$aPOST$bPOST$i20020307$oI.F. (043)53 2001 F844$p20020307$yBK
