=LDR  00000nam##22000005a#4500

=001  018172
=008  150924s2015####au#a###fsb####001#0#eng#d
=245  00$aConstruction for nuclear installations$h[recurso electrónico] :$bspecific safety guide /$cInternational Atomic Energy Agency.
=260  \\$aVienna :$bIAEA,$c2015.
=300  \\$a46 p. :$bil. ;$c24 cm.
=490  0\$aIAEA Safety Standards Series,$x1020525X ;$vno. SSG-38
=500  \\$aSTI/PUB/1693.
=500  \\$aTítulo tomado de la versión electrónica (consultado: 24.09.15).
=504  \\$aIncludes bibliographical references.
=520  \\$aThis Safety Guide provides recommendations and guidance based on international good practices in the construction of nuclear installations, which will enable construction to proceed with high quality. It can be applied to support the development, implementation and assessment of construction methods and procedures and the identification of good practices for ensuring the quality of the construction to meet the design intent and ensure safety. It will be a useful tool for regulatory bodies, licensees and new entrant countries for nuclear power plants and other nuclear installations.
=538  \\$aModo de acceso: World Wide Web.
=020  \\$a9789201027153
=710  2\$aInternational Atomic Energy Agency.
=246  14$aIAEA Safety Standards for protecting people and the environment
=080  \\$a621.039
=650  \7$aNuclear power plants$xDesign and construction$xSafety measures$2inist
=650  \7$aNuclear reactors$xDesign and construction$2inist
=650  \7$aNuclear facilities$xDesign and construction$2inist
=650  \7$aCentrales nucleares$2inist
=650  \7$aReactores nucleares$2inist
=650  \7$aInstalaciones nucleares$2inist
=040  \\$aarbccab$bspa
=856  40$qpdf$s592 Kb$uhttp://www-pub.iaea.org/MTCD/Publications/PDF/Pub1693Web-54107132.pdf$3Texto completo
=856  40$uhttp://campi.cab.cnea.gov.ar/tocs/tapas/p1693cov-62038182.jpg$3Tapa
=005  20151112105604.0
=003  AR-BCCAB
=942  \\$cBK
