=LDR  00000nam##22000005a#4500

=001  018180
=008  150924s2004####ag#a###f#b####000#0#spa#d
=245  10$aCriterios de convergencia en un modelo bidimensional para equipos plasma focus /$cFederico M. Casanova.
=260  \\$a[San Carlos de Bariloche] :$bs.n.,$c2004.
=300  \\$a[26] h. :$bil. (algunas col.) ;$c30 cm.
=500  \\$aInforme presentado por la Beca de Verano del Instituto Balseiro.
=500  \\$aDirectores: Dr. Pablo Florido e Ing. José González.
=504  \\$aIncluye referencias bibliográficas: h. 26$b4.
=520  \\$aLos dispositivos Plasma Focus se encuentran entre los generadores de neutrones disponibles más baratos, con la característica de producir pulsos extremadamente cortos (decenas de nanosegundos) que los hace adecuados para un gran número de aplicaciones. La simulación de tales dispositivos resulta de gran utilidad, por cuanto se intenta detectar y lograr los parámetros que optimizan el diseño de los mismos en cuanto a la producción de neutrones, abaratando enormemente los costos de pruebas. El modelo bidimensional analizado en este trabajo plantea la discretización espacial de la lámina de plasma, introduciendo como efecto colateral errores geométricos que inciden sobre la convergencia del mismo. El estudio de las condiciones para la convergencia es el objetivo del presente trabajo.
=100  1\$aCasanova, Federico M.$4aut
=700  1\$aFlorido, Pablo.$4ths
=700  1\$aGonzález, José.$4ths
=710  2\$aUniversidad Nacional de Cuyo.$bInstituto Balseiro.$4dgg
=080  \\$a(043)62 2004
=650  \7$aPlasma focus$vTheses$2inist
=650  \7$aPlasma simulation$vTheses$2inist
=650  \7$aFoco de plasma$vTesis$2inist
=650  \7$aSimulación de plasma$vTesis$2inist
=040  \\$aarbccab$bspa
=005  20150928150852.0
=003  AR-BCCAB
=942  \\$cBK
=952  \\$2udc$aPOST$bPOST$i20020302$oI.F. (043)62 2004 C263$p20020302$yBK
