=LDR  00000nam##22000005a#4500

=001  018191
=008  151014s2015####au#a###fsb####001#0#eng#d
=245  00$aQuality Management Audits in Nuclear Medicine Practices, second edition$h[recurso electrónico] /$cInternational Atomic Energy Agency.
=260  \\$aVienna :$bIAEA,$c2015.
=300  \\$a83 p. :$bil. (algunas col.) ;$c30 cm.
=490  0\$aIAEA human health series,$x20753772 ;$vno. 33
=500  \\$aSTI/PUB/1683.
=500  \\$aTítulo tomado de la versión electrónica (consultado: 14.10.15).
=500  \\$aAcompaña CD al material bibliográfico.
=504  \\$aIncludes bibliographical references.
=520  \\$aQuality management systems are essential and should be maintained with the intent to continuously improve effectiveness and efficiency, enabling nuclear medicine to achieve the expectations of its quality policy, satisfy its customers and improve professionalism. The quality management (QM) audit methodology in nuclear medicine practice, introduced in this publication, is designed to be applied to a variety of economic circumstances. A key outcome is a culture of reviewing all processes of the clinical service for continuous improvement in nuclear medicine practice. Regular quality audits and assessments are vital for modern nuclear medicine services. More importantly, the entire QM and audit process has to be systematic, patient oriented and outcome based. The management of services should also take into account the diversity of nuclear medicine services around the world and multidisciplinary contributions. The latter include clinical, technical, radiopharmaceutical, medical physics and radiation safety procedures.
=538  \\$aModo de acceso: World Wide Web.
=020  \\$a9789201017154
=710  2\$aInternational Atomic Energy Agency.
=650  \7$aNuclear medicine$2inist
=650  \7$aQuality control$2inist
=650  \7$aEquipment and supplies$2inist
=650  \7$aAudits$2inist
=650  \7$aMedicina nuclear$2inist
=650  \7$aControl de calidad$2inist
=650  \7$aEquipos y suministros$2inist
=650  \7$aAuditorias$2inist
=653  \\$aService management
=653  \\$aGestión de servicios
=040  \\$aarbccab$bspa
=856  40$qpdf$s1,21MB$uhttp://www-pub.iaea.org/MTCD/Publications/PDF/Pub1683Web-68161172.pdf$3Texto completo
=856  40$uhttp://www-pub.iaea.org/books/IAEABooks/Supplementary%5FMaterials/files/10714/100000/Quality-Management-Audits-Nuclear-Medicine-Practices-Second-Edition$3CD
=856  40$uhttp://www-pub.iaea.org/MTCD/pubcovers/p1683cov-14290744.png$3Tapa
=005  20151015101244.0
=003  AR-BCCAB
=942  \\$cBK
