=LDR  00000nam##22000005a#4500

=001  018192
=008  151014s2015####au#a###fsb####001#0#eng#d
=245  00$aStaffing in Radiotherapy :$ban Activity Based Approach$h[recurso electrónico] /$cInternational Atomic Energy Agency.
=260  \\$aVienna :$bIAEA,$c2015.
=300  \\$a83 p. :$bil. (algunas col.)
=490  0\$aIAEA Human Health Reports ;$vnro.13
=500  \\$aSTI/PUB/1705.
=500  \\$aTítulo tomado de la versión electrónica (consultado: 14.10.15).
=500  \\$aCD-Rom 13.
=504  \\$aIncludes bibliographical references.
=520  \\$aRadiotherapy requires competent professional staff to ensure safe and effective patient treatment and management. There is a need to provide guidelines that recommend appropriate staffing levels to support the initiation of new services as well as the expansion or upgrade of existing services as even simple upgrades or replacement of existing equipment may have a significant impact on staffing needs. Similarly, the introduction of education and training programmes will require staffing adjustments. A calculation algorithm was developed to predict staffing levels based on the inputs that are known or can be easily estimated. This publication complements other IAEA publications used to support the initiation of basic radiation medicine services including Setting up a Radiotherapy Programme: Clinical, Medical Physics, Radiation Protection and Safety Aspects, published in 2008.
=538  \\$aModo de acceso: World Wide Web.
=020  \\$a9789201567154
=710  2\$aInternational Atomic Energy Agency.
=650  \7$aRadiotherapy$2inist
=650  \7$aRadioterapia$2inist
=653  \\$aRadiation medicine
=653  \\$aMedicina de radiación
=040  \\$aarbccab$bspa
=856  40$qpdf$s15,17MB$uhttp://www-pub.iaea.org/books/IAEABooks/10800/Staffing-in-Radiotherapy-An-Activity-Based-Approach$3Texto completo
=856  40$uhttp://www-pub.iaea.org/MTCD/pubcovers/P1705%5FHHRcov.gif$3Tapa
=005  20151014162724.0
=003  AR-BCCAB
=942  \\$cBK
