=LDR  00000cam##22000004a#4500

=001  018200
=008  100611s2011####maua#####b####001#0#eng##
=245  10$aQuantum computing :$ba gentle introduction /$cEleanor Rieffel and Wolfgang Polak.
=260  \\$aCambridge, Mass. :$bThe MIT Press,$cc2011.
=300  \\$axiii, 372 p. :$bil. ;$c24 cm.
=490  1\$aScientific and engineering computation
=504  \\$aIncludes bibliographical references and index.
=520  \\$aThe combination of two of the twentieth century's most influential and revolutionary scientific theories, information theory and quantum mechanics, gave rise to a radically new view of computing and information. Quantum information processing explores the implications of using quantum mechanics instead of classical mechanics to model information and its processing. Quantum computing is not about changing the physical substrate on which computation is done from classical to quantum but about changing the notion of computation itself, at the most basic level. The fundamental unit of computation is no longer the bit but the quantum bit or qubit. This comprehensive introduction to the field offers a thorough exposition of quantum computing and the underlying concepts of quantum physics, explaining all the relevant mathematics and offering numerous examples. With its careful development of concepts and thorough explanations, the book makes quantum computing accessible to students and professionals in mathematics, computer science, and engineering. A reader with no prior knowledge of quantum physics (but with sufficient knowledge of linear algebra) will be able to gain a fluent understanding by working through the book.
=020  \\$a9780262015066 (hardcover : alk. paper)
=020  \\$a0262015064 (hardcover : alk. paper)
=100  1\$aRieffel, Eleanor,$d1965-
=700  1\$aPolak, Wolfgang,$d1950-
=830  \0$aScientific and engineering computation.
=080  \\$a510.5
=650  \7$aQuantum computers$2inist
=653  \\$aQuantum theory
=653  \\$aTeoría quántica
=690  \\$aIngeniería en Telecomunicaciones
=010  \\$a##2010022682
=040  \\$aDLC$cDLC$dYDX$dYDXCP$dVKC$dBWX$dCDX$dDLC
=856  41$uhttp://ecx.images-amazon.com/images/I/51xSDp1-FmL.%5FAA160%5F.jpg$3Tapa
=856  41$uhttp://campi.cab.cnea.gov.ar/tocs/22966.pdf$3Índice
=005  20151113115703.0
=003  AR-BCCAB
=082  00$a004.1$222
=942  \\$cBK
=952  \\$2udc$aPOST$bPOST$d20151113$eCiencia y Técnica$g$i20022966$o510.5 R443$p20022966$yBK$zFondos de Telecomunicaciones
