=LDR  00000cam##2200000#a#4500

=001  018201
=008  900802r19901965nyua#####b####001#0#eng##
=245  10$aInformation theory /$cby Robert B. Ash.
=260  \\$aNew York :$bDover Publications,$c1990.
=300  \\$axi, 339 p. :$bil. ;$c22 cm.
=500  \\$a"Unabridged and corrected republication of the work originally published by Interscience Publishers ... New York, 1965"--T.p. verso.
=504  \\$aIncludes bibliographical references (p. 331-334) and index.
=520  \\$aDeveloped by Claude Shannon and Norbert Wiener in the late Forties, information theory, or statistical communication theory, deals with the theoretical underpinnings of a wide range of communication devices: radio, television, radar, computers, telegraphy, and more. This book is an excellent introduction to the mathematics underlying the theory. Designed for upper-level undergraduates and first-year graduate students, the book treats three major areas: analysis of channel models and proof of coding theorems (Chapters 3, 7 and 8); study of specific coding systems (Chapters 2, 4, and 5); and study of statistical properties of information sources (Chapter 6). Among the topics covered are noiseless coding, the discrete memoryless channel, error correcting codes, information sources, channels with memory and continuous channels. The author has tried to keep the prerequisites to a minimum. However, students should have a knowledge of basic probability theory. Some measure and Hilbert space theory is helpful as well for the last two sections of Chapter 8, which treat time-continuous channels. An appendix summarizes the Hilbert space background and the results from the theory of stochastic processes necessary for these sections. The appendix is not self-contained, but will serve to pinpoint some of the specific equipment needed for the analysis of time-continuous channels. In addition to historic notes at the end of each chapter indicating the origin of some of the results, the author has also included 60 problems, with detailed solutions, making the book especially valuable for independent study.
=020  \\$a9780486665214
=100  1\$aAsh, Robert B.
=080  \\$a519.72
=650  \0$aInformation theory
=650  \0$aTeoría de la información
=690  \\$aIngeniería en Telecomunicaciones
=010  \\$a###90045415#
=040  \\$aDLC$cDLC$dDLC$bspa$darbccab
=856  41$uhttp://ecx.images-amazon.com/images/I/41foRlSkPiL.%5FAA160%5F.jpg$3Tapa
=856  41$uhttp://campi.cab.cnea.gov.ar/tocs/22977.pdf$3Índice
=005  20151113120443.0
=003  AR-BCCAB
=082  00$a003/.54$220
=942  \\$cBK
=952  \\$2udc$aPOST$bPOST$d2015-10-09$eCiencia y Técnica$g$i20022977$o519.72 As31$p20022977$yBK$zFondos de Telecomunicaciones
