=LDR  00000pam##2200000#a#4500

=001  018206
=008  151103s1987####ilua##########000#0#und#d
=245  10$aIntroduction to stochastic processes /$cPaul G. Hoel, Sidney C Port and Charles J. Stone.
=260  \\$aLong Grove :$bWavekland press,$c1987.
=300  \\$a203 p. :$bil.
=520  \\$aAn excellent introduction for electrical, electronics engineers and computer scientists who would like to have a good, basic understanding of the stochastic processes! This clearly written book responds to the increasing interest in the study of systems that vary in time in a random manner. It presents an introductory account of some of the important topics in the theory of the mathematical models of such systems. The selected topics are conceptually interesting and have fruitful application in various branches of science and technology.
=020  \\$a9780881332674
=100  1\$aHoel, Paul G.
=700  1\$aPort, Sidney C.
=700  1\$aStone, Charles J.
=080  \\$a519.216
=650  \7$aStochastic processes$2inist
=650  \7$aProcesos estocásticos$2inist
=690  \\$aIngeniería en Telecomunicaciones
=040  \\$aarbccab$bspa
=856  41$uhttp://ecx.images-amazon.com/images/I/41qaYQyTpHL.%5FAA160%5F.jpg$3Tapa
=856  41$uhttp://campi.cab.cnea.gov.ar/tocs/22992.pdf$3Índice
=005  20151119111333.0
=003  AR-BCCAB
=942  \\$cBK
=952  \\$2udc$aPOST$bPOST$d20151118$eCiencia y Técnica$g$i20022992$o519.216 H671$p20022992$yBK$zFondo de Telecomunicaciones
