=LDR  00000cam##2200000#a#4500

=001  018212
=008  120404t2012####njua#####b####001#0#eng##
=245  10$aDesign of integrated circuits for optical communications /$cBehzad Razavi.
=250  \\$aSecond edition.
=260  \\$aHoboken, New Jersey :$bWiley,$cc2012.
=300  \\$axvii, 424 pages :$billustrations ;$c26 cm.
=500  \\$aIncludes index.
=520  \\$a"The increasing demand for high-speed transport of data has revitalized optical communications, leading to extensive work on high-speed device and circuit design. This book deals with the design of high-speed integrated circuits for optical communication transceivers.Building upon a detailed understanding of optical devices, the book describes the analysis and design of critical building blocks, such as transimpedance and limiting amplifiers, laser drivers, phase-locked loops, oscillators, clock and data recovery circuits, and multiplexers.This second edition of this best selling textbook has been updated to provide information on the latest developments in the field"--$cProvided by publisher.
=520  \\$a"This book deals with the design of high-speed integrated circuits for optical communication transceivers"--$cProvided by publisher.
=020  \\$a9781118336946 (hardback)
=100  1\$aRazavi, Behzad.
=080  \\$a621.382.41
=650  \0$aOptoelectronic devices.
=650  \0$aOptical communications$xEquipment and supplies.
=650  \0$aIntegrated optics.
=650  \7$aIntegrated circuits$2inist
=650  \7$aCircuitos integrados$2inist
=690  \\$aIngeniería en Telecomunicaciones
=010  \\$a##2012013971
=040  \\$aDLC$beng$cDLC$erda$dDLC$darbccab
=050  00$aTK8320$bR39 2012
=856  41$uhttp://ecx.images-amazon.com/images/I/41SxrkW3W4L.%5FAA160%5F.jpg$3Tapa
=856  41$uhttp://campi.cab.cnea.gov.ar/tocs/23009.pdf$3Índice
=005  20151217164537.0
=003  AR-BCCAB
=082  00$a621.382/7$223
=942  \\$cBK
=952  \\$2udc$aPOST$bPOST$d20151217$eCiencia y Técnica$g$i20023009$o621.382.41 R219 Ed.2$p20023009$yBK$zFondo de Telecomunicaciones
