=LDR  00000cam##2200000#a#4500

=001  018214
=008  950206r1995####nyua#####b####001#0#eng##
=245  00$aMicrostrip antennas :$bthe analysis and design of microstrip antennas and arrays /$cedited by David M. Pozar, Daniel H. Schaubert.
=260  \\$aNew York :$bInstitute of Electrical and Electronics Engineers,$cc1995.
=300  \\$ax, 431 p. :$bil. ;$c29 cm.
=500  \\$a"A selected reprint volume."
=500  \\$a"IEEE Antennas and Propagation Society, sponsor."
=504  \\$aIncludes bibliographical references and indexes.
=520  \\$aThis anthology combines 15 years of microstrip antenna technology research into one significant volume and includes a special introductory tutorial by the co-editors. Covering theory, design and modeling techniques and methods, this source book is an excellent reference tool for engineers who want to become more familiar with microstrip antennas and microwave systems. Proven antenna designs, novel solutions to practical design problemsand relevant papers describing the theory of operation and analysis of microstrip antennas are contained within this convenient reference.
=020  \\$a0780310780
=700  1\$aPozar, David M.
=700  1\$aSchaubert, D.
=710  2\$aIEEE Antennas and Propagation Society.
=080  \\$a621.396.67
=653  \\$aMicrowave systems
=653  \\$aMicrostrip antennas
=690  \\$aIngeniería en Telecomunicaciones
=010  \\$a###95001229#
=040  \\$aDLC$cDLC$dDLC$bspa$darbccab
=856  42$3Publisher description$uhttp://www.loc.gov/catdir/description/wiley036/95001229.html
=856  4\$3Table of Contents$uhttp://www.loc.gov/catdir/toc/onix07/95001229.html
=856  41$uhttp://ecx.images-amazon.com/images/I/51dUOalTb4L.%5FAA160%5F.jpg$3Tapa
=005  20151106153213.0
=003  AR-BCCAB
=082  00$a621.381/331$220
=942  \\$cBK
=952  \\$2udc$aPOST$bPOST$d20151106$eCiencia y Técnica$g$i20022975$o621.396.67 P879$p20022975$yBK$zFondo de Telecomunicaciones
