=LDR  00000cam##2200000#a#4500

=001  018215
=008  140715s2014####nyua#####b####001#0#eng##
=245  10$aFundamentals of radar signal processing /$cMark A. Richards, Georgia Institute of Technology.
=250  \\$aSecond edition.
=260  \\$aNew York :$bMcGraw-Hill Education,$c[2014]
=300  \\$axxxii, 618 pages. :$billustrations ;$c24 cm.
=504  \\$aIncludes bibliographical references and index.
=520  \\$aThe most complete, current guide to the signal processing techniques essential to advanced radar systems Fully updated and expanded, Fundamentals of Radar Signal Processing, Second Edition, offers comprehensive coverage of the basic digital signal processing techniques and technologies on which virtually all modern radar systems rely, including target and interference models, matched filtering, waveform design, Doppler processing, threshold detection, and measurement accuracy. The methods and interpretations of linear systems, filtering, sampling, and Fourier analysis are used throughout to provide a unified tutorial approach. End-of-chapter problems reinforce the material covered. Developed over many years of academic and professional education, this authoritative resource is ideal for graduate students as well as practicing engineers. Fundamentals of Radar Signal Processing, Second Edition, covers: Introduction to radar systems Signal models Pulsed radar data acquisition Radar waveforms Doppler processing Detection fundamentals Measurements and tracking Introduction to synthetic aperture imaging Introduction to beamforming and space-time adaptive processing
=020  \\$a9780071798327
=020  \\$a0071798323
=100  1\$aRichards, M. A.$q(Mark A.),$d1952-
=080  \\$a621.396.96
=650  \0$aRadar
=650  \0$aSignal processing
=690  \\$aIngeniería en Telecomunicaciones
=010  \\$a##2014412793
=040  \\$aDLC$beng$cDLC$erda$dDLC$darbccab
=856  41$uhttp://ecx.images-amazon.com/images/I/51732-SoMLL.%5FAA160%5F.jpg$3Tapa
=856  41$uhttp://campi.cab.cnea.gov.ar/tocs/22995.pdf$3Índice
=005  20151119162047.0
=003  AR-BCCAB
=082  00$a621.3848$223
=942  \\$cBK
=952  \\$2udc$aPOST$bPOST$d20151119$eCiencia y Técnica$g$i20022995$o621.396.96 R390 Ed.2$p20022995$yBK$zFondo de Telecomunicaciones
