=LDR  00000cam##2200000#a#4500

=001  018216
=008  151104s2008####maua##########001#0#und#d
=245  10$aInformation theory and network coding /$cRaymond W. Yeung.
=260  \\$aCambridge :$bSpringer,$cc2008.
=300  \\$a579 p.
=520  \\$aThis book contains a thorough discussion of the classical topics in information theory together with the first comprehensive treatment of network coding, a subject first emerged under information theory in the mid 1990's that has now diffused into coding theory, computer networks, wireless communications, complexity theory, cryptography, graph theory, etc. With a large number of examples, illustrations, and original problems, this book is excellent as a textbook or reference book for a senior or graduate level course on the subject, as well as a reference for researchers in related fields.
=020  \\$a9780387792330
=100  1\$aYeung, Raymond W.
=650  \7$aInformation theory$2inist
=650  \7$aCoding theory$2inist
=650  \7$aTeoría de la información$2inist
=650  \7$aTeoría de la codificación$2inist
=690  \\$aIngeniería en Telecomunicaciones
=040  \\$aarbccab$bspa
=856  41$uhttp://ecx.images-amazon.com/images/I/518RqbabKBL.%5FAA160%5F.jpg$3Tapa
=856  41$uhttp://campi.cab.cnea.gov.ar/tocs/22987.pdf$3Índice
=005  20151116140707.0
=003  AR-BCCAB
=942  \\$cBK
=952  \\$2udc$aPOST$bPOST$d20151113$eCiencia y Técnica$g$i20022987$o621.391 Y48$p20022987$yBK$zFondo de Telecomunicaciones
