=LDR  00000nam##22000005a#4500

=001  018217
=008  100828s2009####njua#####b####001#0#eng##
=245  10$aCommunication systems /$cSimon Haykin.
=250  \\$a5th ed.
=260  \\$aHoboken, NJ :$bWiley,$cc2009.
=300  \\$axi, 422 p. :$bil. ;$c26 cm.
=504  \\$aIncludes bibliographical references (p. 409-412) and index.
=520  \\$aThis best-selling, easy to read book offers the most complete discussion on the theories and principles behind today's most advanced communications systems. Throughout, Haykin emphasizes the statistical underpinnings of communication theory in a complete and detailed manner. Readers are guided though topics ranging from pulse modulation and passband digital transmission to random processes and error-control coding. The fifth edition has also been revised to include an extensive treatment of digital communications.
=020  \\$a9780471697909
=100  1\$aHaykin, Simon S.,$d1931-
=080  \\$a621.391.3
=650  \7$aTelecommunication$2Lemb
=650  \7$aTelecomunicaciones$2Lemb
=650  \0$aSignal theory (Telecommunication)
=650  \0$aTeoría de la señal (Telecomunicaciones)
=690  \\$aIngeniería en Telecomunicaciones
=010  \\$a##2010483731
=040  \\$aDLC$cDLC$dDLC$bspa$darbccab
=856  41$uhttp://ecx.images-amazon.com/images/I/51-To7O5g6L.%5FAA160%5F.jpg$3Tapa
=856  41$uhttp://campi.cab.cnea.gov.ar/tocs/22986.pdf$3Índice
=005  20151113100546.0
=003  AR-BCCAB
=942  \\$cBK
=952  \\$2udc$aPOST$bPOST$d20151112$eCiencia y Técnica$g$i20022986$o621.391.3 H331 Ed.5$p20022986$yBK$zFondo de Telecomunicaciones
