=LDR  00000cam##22000004a#4500

=001  018222
=008  110809s2012####njua#####b####001#0#eng##
=245  10$aMicrowave engineering /$cDavid M. Pozar.
=250  \\$a4th ed.
=260  \\$aHoboken, NJ :$bWiley,$cc2012.
=300  \\$axvii, 732 p. :$bil. ;$c26 cm.
=504  \\$aIncludes bibliographical references and index.
=520  \\$aPozar's new edition of Microwave Engineering includes more material on active circuits, noise, nonlinear effects, and wireless systems. Chapters on noise and nonlinear distortion, and active devices have been added along with the coverage of noise and more material on intermodulation distortion and related nonlinear effects. On active devices, there's more updated material on bipolar junction and field effect transistors. New and updated material on wireless communications systems, including link budget, link margin, digital modulation methods, and bit error rates is also part of the new edition. Other new material includes a section on transients on transmission lines, the theory of power waves, a discussion of higher order modes and frequency effects for microstrip line, and a discussion of how to determine unloaded.
=020  \\$a9780470631553
=020  \\$a0470631554
=100  1\$aPozar, David M.
=080  \\$a621.396.4
=650  \7$aMicrowaves$2Lemb
=650  \7$aMicroondas$2Lemb
=653  \\$aMicrowave devices
=653  \\$aMicrowave circuits
=653  \\$aDispositivos de microondas
=653  \\$aCircuitos de microondas
=690  \\$aIngeniería en Telecomunicaciones
=010  \\$a##2011033196
=016  7\$a015864610$2Uk
=040  \\$aDLC$cDLC$dYDX$dBTCTA$dUKMGB$dYDXCP$dBWX$dCDX$dBDX$dUPM$dDLC$bspa$darbccab
=856  41$uhttp://ecx.images-amazon.com/images/I/51jZ04FmwIL.%5FAA160%5F.jpg$3Tapa
=856  41$uhttp://campi.cab.cnea.gov.ar/tocs/22983.pdf$3Índice
=005  20151113114607.0
=003  AR-BCCAB
=082  00$a621.381/3$223
=942  \\$cBK
=952  \\$2udc$aPOST$bPOST$d20151113$eCerutti Nilda Cristina$g$i20022983$o621.396.4 P879 Ed.4$p20022983$yBK$zFondo de Telecomunicaciones
