=LDR  00000cam##2200000#a#4500

=001  018226
=008  141106s2015####njua#####b####001#0#eng##
=245  10$aFundamentals of microwave photonics /$cVincent J. Urick Jr., Jason D. McKinney, Keith J. Williams.
=260  \\$aHoboken, New Jersey :$bWiley,$c[2015]
=300  \\$axiv, 467 pages :$billustrations ;$c25 cm.
=490  0\$aWiley series in microwave and optical engineering
=504  \\$aIncludes bibliographical references and index.
=520  \\$aFundamentals of Microwave Photonics provides a comprehensive description of analog optical links from basic principles to applications. The book is organized into four parts. The first begins with a historical perspective of microwave photonics, listing the advantages of fiber optic links and delineating analog vs. digital links. The second section covers basic principles associated with microwave photonics in both the RF and optical domains. The third focuses on analog modulation formats--starting with a concept, deriving the RF performance metrics from basic physical models, and then analyzing issues specific to each format. The final part examines applications of microwave photonics, including analog receive-mode systems, high-power photodiodes applications, radio astronomy, and arbitrary waveform generation. Covers fundamental concepts including basic treatments of noise, sources of distortion and propagation effects Provides design equations in easy-to-use forms as quick reference Examines analog photonic link architectures along with their application to RF systems A thorough treatment of microwave photonics, Fundamentals of Microwave Photonics will be an essential resource in the laboratory, field, or during design meetings. The authors have more than 55 years of combined professional experience in microwave photonics and have published more than 250 associated works.
=020  \\$a9781118293201 (cloth)
=100  1\$aUrick, Vincent J.,$cJr.$q(Vincent Jude),$d1979-
=700  1\$aMcKinney, Jason D.$q(Jason Dwight),$d1975-
=700  1\$aWilliams, Keith J.$q(Keith Jake),$d1964-
=080  \\$a621.391.6
=650  \7$aMicroondas - Sistemas de comunicación$2Lemb
=653  \\$aPhotonics
=653  \\$aMicrowave communication systems
=653  \\$aFotónica
=653  \\$aSistemas de comunicación de microondas
=690  \\$aIngeniería en Telecomunicaciones
=010  \\$a##2014040933
=040  \\$aDLC$beng$cDLC$erda$dDLC$darbccab
=856  41$uhttp://ecx.images-amazon.com/images/I/51hG0c9Pf2L.%5FAA160%5F.jpg$3Tapa
=856  41$uhttp://campi.cab.cnea.gov.ar/tocs/22972.pdf$3Índice
=005  20151111113623.0
=003  AR-BCCAB
=082  00$a621.36/5$223
=942  \\$cBK
=952  \\$2udc$aPOST$bPOST$d20151111$eCiencia y Técnica$g$i20022972$o621.391.6 Ur36$p20022972$yBK$zFondo de Telecomunicaciones
