=LDR  00000cam##2200000#a#4500

=001  018227
=008  151104s2013####njua##########001#0#eng#d
=245  10$aLaboratory manual to accompany Electronic devices and circuit theory /$cRobert L. Boylestad, Louis Nashelsky and Franz J. Monssen.
=250  \\$a11th. ed.
=260  \\$aUpper Saddle River :$bPearson,$c2013.
=300  \\$a468 p. :$bil.
=520  \\$aLaboratory Manual to Accompany Electronic Devices and Circuit Theory [ Laboratory Manual to Accompany Electronic Devices and Circuit Theory by Robert L Boylestad ( Author ) Paperback Jul- 2012 ] Paperback Jul- 06- 2012.
=020  \\$a9780132622455
=100  1\$aBoylestad, Robert L.
=700  1\$aNashelsky, Louis.
=700  1\$aMonssen, Franz J.
=740  0\$aElectronic devices and circuit theory
=080  \\$a621.38
=653  \\$aElectronic circuits
=653  \\$aElectronic apparatus and appliances
=653  \\$aCircuitos electrónicos
=653  \\$aAparatos y dispositivos electrónicos
=690  \\$aIngeniería en Telecomunicaciones
=040  \\$aarbccab$bspa
=856  41$uhttp://ecx.images-amazon.com/images/I/41FJ3S3nRSL.%5FAA160%5F.jpg$3Tapa
=856  41$uhttp://campi.cab.cnea.gov.ar/tocs/22982.pdf$3Índice
=005  20151111105405.0
=003  AR-BCCAB
=942  \\$cBK
=952  \\$2udc$aPOST$bPOST$d20151110$eCiencia y Técnica$g$i20022982$o621.38(035) B697 Ed.11$p20022982$yBK$zFondo de Telecomunicaciones
