=LDR  00000nam##22000005a#4500

=001  018228
=008  151104s2011####njua##########001#0#eng#d
=245  10$aLab manual a troubleshooting approach to accompany Digital systems : principles and applications /$cJim C.DeLoach and Frank J. Ambrosio.
=250  \\$a11th ed.
=260  \\$aUpple Saddle River :$bPearson,$c2011.
=300  \\$a682 p. :$bil.
=520  \\$aThe lab manual by DeLoach (A Troubleshooting Approach) is practical hands-on lab work featuring 42 transistor-transistor-logic (TTL) and CMOS experiments. This is traditional in-the-lab work with lots of test equipment required. These are followed by 25 supplemental experiments that cover HDL topics using Quartus software. ISBN-10: 013512395X ISBN-13: 9780135123959 This laboratory manual introduces digital fundamentals and circuits using modern digital system design tools and provides many design-oriented projects for students using FPGAs and CPLDs.
=020  \\$a9780135123959
=100  1\$aDeLoach, Jim C.
=700  1\$aAmbrosio, Frank J.
=700  1\$aTocci, Ronald J.
=700  1\$aWidmer, Neal S.
=700  1\$aMoss, Gregory L.
=740  0\$aDigital systems : principles and applications
=650  \7$aDigital circuits$2inist
=650  \7$aCircuitos digitales$2inist
=690  \\$aIngeniería en Telecomunicaciones
=040  \\$aarbccab$bspa
=856  41$uhttp://ecx.images-amazon.com/images/I/41pvLWrKfWL.%5FAA160%5F.jpg$3Tapa
=856  41$uhttp://campi.cab.cnea.gov.ar/tocs/22981.pdf$3Índice
=005  20151111105624.0
=003  AR-BCCAB
=942  \\$cBK
=952  \\$2udc$aPOST$bPOST$d20151110$eCiencia y Técnica$g$i20022981$o621.374(035) D382 Ed.11$p20022981$yBK$zFondo de Telecomunicaciones
