=LDR  00000nam##22000005a#4500

=001  018229
=008  151112s2015####au#a###fsb####001#0#eng#d
=245  00$aAdvances in Nuclear Forensics: Countering the Evolving Threat of Nuclear and Other Radioactive Material out of Regulatory Control :$bsummary of an international conference, Vienna, Austria, 710 July 2014.$h[recurso electrónico] /$cInternational Atomic Energy Agency.
=260  \\$aVienna :$bIAEA,$c2015.
=300  \\$a149 p. :$bil. (algunas col.) ;$c30 cm.
=490  0\$aProceedings series,$x00741884
=500  \\$aSTI/PUB/1706.
=500  \\$aIncludes Companion CD.
=500  \\$aTítulo tomado de la versión electrónica (consultado: 12.11.15).
=504  \\$aIncluye referencias bibliográficas.
=520  \\$aThis conference was the first international conference dedicated exclusively to nuclear forensics. Experts, senior officials and policy makers from more than 76 Member States and 8 organizations attended this event. The conference recognized the important role of nuclear forensics as part of a nuclear security infrastructure to include support to law enforcement investigations and nuclear security vulnerability assessments. The proceedings provide a summary of the conference deliberations, outcomes and conclusions, as well as an outlet for contributed scientific papers and posters that represent nuclear forensic state of practice. It also incorporates valuable lessons learned related to the application of nuclear forensics, mechanisms to strengthen nuclear forensics capabilities in order to ensure their implementation and sustainability, as well as enhancements to international and regional cooperation in nuclear forensics to augment the IAEA's role in providing nuclear forensic assistance to States, upon request.
=538  \\$aModo de acceso: World Wide Web.
=020  \\$a9789201048158
=710  2\$aInternational Atomic Energy Agency.
=650  \7$aNuclear industry$2inist
=650  \7$aSecurity measures$2inist
=650  \7$aRadioactive substances$2inist
=650  \7$aNuclear terrorism$2inist
=650  \7$aIndustria Nuclear$2inist
=650  \7$aMedidas de seguridad$2inist
=650  \7$aSustancias radiactivas$2inist
=650  \7$aTerrorismo nuclear$2inist
=040  \\$aarbccab$bspa
=856  40$qpdf$s1.10Mb$uhttp://www-pub.iaea.org/MTCD/Publications/PDF/Pub1706%5Fweb.pdf$3Texto completo
=856  40$uhttp://www-pub.iaea.org/MTCD/pubcovers/10881.jpg$3Tapa
=856  40$uhttp://www-pub.iaea.org/books/IAEABooks/Supplementary%5FMaterials/files/10881/100000/Advances-Nuclear-Forensics-Countering-Evolving-Threat-Nuclear-Other-Radioactive-Material-out-Regulatory-Control$3Download Companion CD
=005  20160412145906.0
=003  AR-BCCAB
=942  \\$cBK
