=LDR  00000nam##22000005a#4500

=001  018230
=008  151120s2015####au#a###fsb####001#0#eng#d
=245  00$aRadiation protection in medicine :$bsetting the scene for the next decade : proceedings of an International Conference, Bonn, 37 December 2012. -- Vienna$h[recurso electrónico] /$cInternational Atomic Energy Agency.
=260  \\$aVienna :$bIAEA,$c2015.
=300  \\$a429 p. :$bil. (algunas col.) ;$c30 cm.
=490  0\$aProceedings series,$x00741884
=500  \\$aSTI/PUB/1663.
=500  \\$aTítulo tomado de la versión electrónica (consultado: 20.11.15).
=504  \\$aIncludes bibliographical references.
=520  \\$aThis publication presents the proceedings of the International Conference on Radiation Protection in Medicine: Setting the Scene for the Next Decade. The aims were to indicate gaps in current approaches to radiation protection in medicine; identify tools for improving radiation protection in medicine; review advances, challenges and opportunities in the field; and assess the impact of the international action plan for the radiation protection of patients, in order to prepare new international recommendations. The Conference drew up the 10-point Bonn Call for Action, which identifies responsibilities of and proposes priorities for stakeholders regarding radiation protection in medicine for the next decade.
=538  \\$aModo de acceso: World Wide Web.
=020  \\$a9789201039149
=710  2\$aInternational Atomic Energy Agency.
=650  \7$aMedical radiology$2inist
=650  \7$aSafety measures$2inist
=650  \7$aRadiation$2inist
=650  \7$aNuclear medicine$2inist
=650  \7$aRadiología médica$2inist
=650  \7$aMedidas de seguridad$2inist
=650  \7$aRadiación$2inist
=650  \7$aMedicina Nuclear$2inist
=040  \\$aarbccab$bspa
=856  40$qpdf$s4,44Mb$uhttp://www-pub.iaea.org/MTCD/Publications/PDF/Pub1663%5Fweb.pdf$3Texto completo
=856  40$uhttp://www-pub.iaea.org/MTCD/pubcovers/10611.jpg$3Tapa
=005  20151120093914.0
=003  AR-BCCAB
=942  \\$cBK
