=LDR  00000nam##22000005a#4500

=001  018233
=008  130301s2013####xxka#####b####001#0#eng##
=245  10$aQuantum information theory /$cMark M. Wilde.
=260  \\$aCambridge :$bCambridge University Press,$c2013.
=300  \\$bill. ;$c26 cm.
=520  \\$aFinally, here is a modern, self-contained text on quantum information theory suitable for graduate-level courses. Developing the subject "from the ground up" it covers classical results as well as major advances of the past decade. Beginning with an extensive overview of classical information theory suitable for the non-expert, the author then turns his attention to quantum mechanics for quantum information theory, and the important protocols of teleportation, super-dense coding and entanglement distribution. He develops all of the tools necessary for understanding important results in quantum information theory, including capacity theorems for classical, entanglement-assisted, private and quantum communication. The book also covers important recent developments such as superadditivity of private, coherent and Holevo information, and the superactivation of quantum capacity. This book will be warmly welcomed by the upcoming generation of quantum information theorists and the already established community of classical information theorists.$bProvided by publisher.
=504  \\$aIncludes bibliographical references (pages 639-652) and index.
=505  0\$aMachine generated contents note: How to use this book -- Acknowledgements -- Part I. Introduction: 1. Concepts in quantum Shannon theory -- 2. Classical Shannon theory -- Part II. The Quantum Theory: 3. The noiseless quantum theory -- 4. The noisy quantum theory -- 5. The purified quantum theory -- Part III. Unit Quantum Protocols: 6. Three unit quantum protocols -- 7. Coherent protocols -- 8. The unit resource capacity region -- Part IV. Tools of Quantum Shannon Theory: 9. Distance measures -- 10. Classical information and entropy -- 11. Quantum information and entropy -- 12. The information of quantum channels -- 13. Classical typicality -- 14. Quantum typicality -- 15. The packing lemma -- 16. The covering lemma -- Part V. Noiseless Quantum Shannon Theory: 17. Schumacher compression -- 18. Entanglement concentration; Part VI. Noisy Quantum Shannon Theory: 19. Classical communication -- 20. Entanglement-assisted classical communication -- 21. Coherent communication with noisy resources -- 22. Private classical communication -- 23. Quantum communication -- 24. Trading resources for communication -- 25. Summary and outlook -- Appendix A. Miscellaneous mathematics -- Appendix B. Monotonicity of quantum relative entropy -- References -- Index.
=020  \\$a9781107034259 (hardback)
=100  1\$aWilde, Mark,$d1980-
=080  \\$a530.145
=650  \7$aQuantum computers$2inist
=650  \7$aInformation theory$2inist
=650  \7$aData processing$2inist
=650  \7$aTeoría de la información$2inist
=650  \7$aTratamiento de la información$2inist
=653  \\$aQuantum communication
=690  \\$aIngeniería en Telecomunicaciones
=010  \\$a##2012047378
=040  \\$aDLC$beng$cDLC$erda$dDLC$darbccab
=856  41$uhttp://assets.cambridge.org/97811070/34259/cover/9781107034259.jpg$3Tapa
=856  41$uhttp://campi.cab.cnea.gov.ar/tocs/23011.pdf$3Índice
=005  20151221141828.0
=003  AR-BCCAB
=082  00$a003/.54$223
=942  \\$cBK
=952  \\$2udc$aPOST$bPOST$d20151218$eCiencia y Técnica$g$i20023011$o530.145 W644$p20023011$yBK$zFondo de Telecomunicaciones
