=LDR  00000cam#a2200000#a#4500

=001  018236
=008  050408s2005####xxua#####b####001#0#eng##
=245  10$aWireless communications /$cAndrea Goldsmith.
=260  \\$aCambridge ;$aNew York :$bCambridge University Press,$c2005.
=300  \\$axxviii, 644 p. :$bil. ;$c26 cm.
=504  \\$aIncludes bibiographical references and index.
=520  \\$aWireless technology is a truly revolutionary paradigm shift, enabling multimedia communications between people and devices from any location. It also underpins exciting applications such as sensor networks, smart homes, telemedicine, and automated highways. This book provides a comprehensive introduction to the underlying theory, design techniques and analytical tools of wireless communications, focusing primarily on the core principles of wireless system design. The book begins with an overview of wireless systems and standards. The characteristics of the wireless channel are then described, including their fundamental capacity limits. Various modulation, coding, and signal processing schemes are then discussed in detail, including state-of-the-art adaptive modulation, multicarrier, spread spectrum, and multiple antenna techniques. The concluding chapters deal with multiuser communications, cellular system design, and ad-hoc network design. Design insights and tradeoffs are emphasized throughout the book. It contains many worked examples, over 200 figures, almost 300 homework exercises, over 700 references, and is an ideal textbook for students. The book is also a valuable reference for engineers in the wireless industry. Andrea Goldsmith received her Ph.D. from the University of California, Berkeley, and is an Associate Professor of Electrical Engineering at Stanford University. Prior to this she was an Assistant Professor at the California Institute of Technology. She has also held positions in industry at Maxim Technologies and AT&T Bell Laboratories. She is a Fellow of the IEEE, has received numerous other awards and honors, and is the author of over 150 technical papers in the field of wireless communications.
=020  \\$a9780521837163
=100  1\$aGoldsmith, Andrea,$d1964-
=080  \\$a621.396.4
=653  \\$aWireless communication systems
=653  \\$aWireless communication
=653  \\$aSistemas de comunicación inalámbrica
=650  \0$aComunicación inalámbrica
=690  \\$aIngeniería en Telecomunicaciones
=010  \\$a##2005047075
=040  \\$aDLC$cDLC$dDLC$dspa$barbccab
=856  41$uhttp://ecx.images-amazon.com/images/I/51OHVoDvL6L.%5FAA160%5F.jpg$3Tapa
=856  41$uhttp://campi.cab.cnea.gov.ar/tocs/23020.pdf$3Indice
=005  20160210115601.0
=003  AR-BCCAB
=082  00$a621.382$222
=942  \\$cBK
=952  \\$2udc$aPOST$bPOST$d20160205$eCiencia y Técnica$g$i20023020$o621.396.4 G573$p20023020$yBK$zFondo de Telecomunicaciones
