=LDR  00000cam#a22000004a#4500

=001  018237
=008  151216s2005####xx#d##########001#0#und#d
=245  10$aError correction coding :$bmathematical methods and algorithms /$cTodd K. Moon, Utah State University.
=260  \\$aNew Jersey :$bJohn Wiley and Son, Inc.,$c2005.
=300  \\$a756 p. :$bil. ;$c24 cm.
=520  \\$aAn unparalleled learning tool and guide to error correction coding Error correction coding techniques allow the detection and correction of errors occurring during the transmission of data in digital communication systems. These techniques are nearly universally employed in modern communication systems, and are thus an important component of the modern information economy. Error Correction Coding: Mathematical Methods and Algorithms provides a comprehensive introduction to both the theoretical and practical aspects of error correction coding, with a presentation suitable for a wide variety of audiences, including graduate students in electrical engineering, mathematics, or computer science. The pedagogy is arranged so that the mathematical concepts are presented incrementally, followed immediately by applications to coding. A large number of exercises expand and deepen students' understanding. A unique feature of the book is a set of programming laboratories, supplemented with over 250 programs and functions on an associated Web site, which provides hands-on experience and a better understanding of the material. These laboratories lead students through the implementation and evaluation of Hamming codes, CRC codes, BCH and R-S codes, convolutional codes, turbo codes, and LDPC codes. This text offers both "classical" coding theory-such as Hamming, BCH, Reed-Solomon, Reed-Muller, and convolutional codes-as well as modern codes and decoding methods, including turbo codes, LDPC codes, repeat-accumulate codes, space time codes, factor graphs, soft-decision decoding, Guruswami-Sudan decoding, EXIT charts, and iterative decoding. Theoretical complements on performance and bounds are presented. Coding is also put into its communications and information theoretic context and connections are drawn to public key cryptosystems. Ideal as a classroom resource and a professional reference, this thorough guide will benefit electrical and computer engineers, mathematicians, students, researchers, and scientists.
=020  \\$a9780471648000
=100  1\$aMoon, Todd K.
=650  \7$aData transmission$2inist
=650  \7$aErrors$2inist
=650  \7$aTransmisión de datos$2inist
=650  \7$aErrores$2inist
=650  \0$aError-correcting codes (Information theory)
=653  \\$aDigital communication
=653  \\$aCommunicación digital
=690  \\$aIngeniería en Telecomunicaciones
=040  \\$aarbccab$bspa
=856  41$uhttp://ecx.images-amazon.com/images/I/51JKu-ptaKL.%5FAA160%5F.jpg$3Tapa
=856  41$uhttp://campi.cab.cnea.gov.ar/tocs/23021.pdf$3Indice
=005  20160210115444.0
=003  AR-BCCAB
=942  \\$cBK
=952  \\$2udc$aPOST$bPOST$i20023021$o519.725 M778$p20023021$yBK
