=LDR  00000nam##22000005a#4500

=001  018240
=008  981112s1999####nyucd####b####001#0#eng##
=245  10$aBiomaterials science and biocompatability /$cFrederick H. Silver, David L. Christiansen.
=260  \\$aNew York :$bSpringer,$cc1999.
=300  \\$ax, 342 p. :$bil. ;$c24 cm.
=504  \\$aIncludes bibliographical references and index.
=520  \\$aAdopting an interdisciplinary approach to the chemistry and physics of materials, their biocompatibility, and the consequences of implantation of such devices into the human body, this text introduces readers to the principles of polymer science and the study of metals, ceramics and composites, and also to the basic biology required to understand the nature of the host-transplant interface. Topics covered include the macromolecular components of cells and tissues, self-assembly processes, biological cascade systems, microscopic structure of cells and tissues, immunology, transplantation biology, and the pathobiology of wound healing. The materials science section includes the structures and properties of polymers, metals, ceramics and composites, and the processes for forming materials as well as the pathobiology of devices. The final two chapters deal with tissue engineering and the relations between the biology of cells and tissue transplantation, and the engineering of tissue replacements using passaged cells.
=020  \\$a0387987118 (acid-free paper)
=100  1\$aSilver, Frederick H.,$d1949-
=700  1\$aChristiansen, David L.
=080  \\$a620:61
=650  \7$aBiotechnology$2inist
=650  \7$aMaterials$2inist
=650  \7$aBiotecnología$2inist
=650  \7$aMateriales$2inist
=650  \0$aBiomedical materials
=650  \0$aBiocompatibility
=010  \\$a###98051768#
=040  \\$aDLC$cDLC$dDLC$bspa$darbccab
=856  41$uhttp://ecx.images-amazon.com/images/I/41pwOzjqqUL.%5FAA160%5F.jpg$3Tapa
=856  41$uhttp://campi.cab.cnea.gov.ar/tocs/23027.pdf$3Indice
=005  20160216105527.0
=003  AR-BCCAB
=082  00$a610/.28$221
=942  \\$cBK
=952  \\$2udc$aPOST$bPOST$i20023027$o620:61 Si391$p20023027$yBK
