=LDR  00000cam##2200000#a#4500

=001  018287
=008  160321s2016####nyuo##########001#0beng##
=245  10$aManuel Cardona :$bmemories and reminiscences /$cEdited by Klaus Ensslin and Luis Viña.
=260  \\$aNew York :$bSpringer,$c2016.
=300  \\$axv, 174 p. :$bil. ;$c24 cm.
=520  \\$aThis book pays tribute to an extraordinary researcher and personality, Manuel Cardona. He had significant influence in the development of science and inside the scientific community. The book consists of contributions by former collaborators and students of Prof. Manuel Cardona. The short contributions deal with personal encounters with Manuel Cardona describing his extraordinary personality. This includes descriptions of scientific discussions, Manuel Cardona's involvement in social justice and his enormous knowledge about human culture, languages and history.
=020  \\$a9783319203423
=700  1\$aEnsslin, Klaus,$eed.
=700  1\$aViña, Luis,$eed.
=080  \\$a303.422
=653  \\$aMemorias
=653  \\$aRecuerdos
=040  \\$bspa$darbccab
=856  41$uhttp://ecx.images-amazon.com/images/I/41jojKZ41kL.%5FAA160%5F.jpg$yTapa
=856  41$uhttp://campi.cab.cnea.gov.ar/tocs/23080.pdf$yÍndice
=005  20160321141522.0
=003  AR-BCCAB
=942  \\$cBK
=952  \\$2udc$aPOST$bPOST$i20023080$o303.422 En79$p20023080$yBK
