=LDR  00000nam##22000001a#4500

=001  018292
=008  100402s20102013ncud###f#b####001#0#eng##
=245  00$aPrinciples of modern radar Vol. 1 :$bBasic principles /$cRichard Mark A. ... [et al.].
=260  \\$aRaleigh, NC :$bSciTech Pub.,$cc2010.
=300  \\$axxxv, 924 p. :$bil. ;$c26 cm.
=504  \\$aIncluye información bibliográfica al final de cada capítulo e índice.
=505  1\$av. 1. Basic principles / Mark A. Richards, James A. Scheer, William A. Holm, editors -- v. 2. Advanced techniques / William L. Melvin, James A. Scheer, editors -- v. 3. Radar applications / William L. Melvin, James A. Scheer, editors.
=520  \\$aPrinciples of Modern Radar: Basic Principles is a comprehensive and modern textbook for courses in radar systems and technology at the college senior and graduate student level; a professional training textbook for formal in-house courses for new hires; a reference for ongoing study following a radar short course; and a self-study and professional reference book. Principles of Modern Radar focuses on four key areas: Basic concepts, such as the the radar range equation and threshold detection; radar signal phenomenology, such as radar cross section models, clutter, atmospheric effects, and Doppler effects; descriptions of all major subsystems of modern radars, such as the antenna, transmitter, receiver, including modern architectural elements such as exciters, and advanced signal processors; and signal and data processing basics, from digital signal processing (DSP) fundamentals, through detection, Doppler processing, waveforms and pulse compression, basic imaging concepts, and tracking fundamentals. While several established books address introductory radar systems, Principles of Modern Radar differs from these in its breadth of coverage, its emphasis on current methods (without losing sight of bedrock principles), and its adoption of an appropriate level of quantitative rigor for the intended audience of students and new professional hires. The manuscript for this book was reviewed by over 50 professionals in academia, military, and commercial enterprises. These reviewers were among thousands of potential users approached by the publisher and asked to share their expertise and experience in radar training and instruction. Their extensive comments, corrections, and insights ensure that Principles of Modern Radar will meet the needs of modern radar educators and students around the world. Written and edited by world-renowned radar instructors and critically reviewed by users before publication, this is truly a radar community-driven book.
=020  \\$a9781891121524 (cloth : alk. paper : v. 1)
=700  1\$aRichards, M. A.$q(Mark A.),$d1952-$eed.
=700  1\$aScheer, James,$d1944-,$eed.
=700  1\$aHolm, William A.,$eed.
=700  1\$aMelvin, William L.,$eed.
=080  \\$a621.396.96
=650  \7$aRadar$2inist
=650  \7$aThreshold detectors$2inist
=650  \7$aDetectores de umbral$2inist
=653  \\$aRadar range equation
=653  \\$aRadar signal phenomenology
=653  \\$aDigital signal processing
=653  \\$aProcesamiento de señal digital
=690  \\$aIngeniería en Telecomunicaciones
=010  \\$a##2010013808
=040  \\$aDLC$cDLC$dDLC$darbccab
=856  41$uhttp://ecx.images-amazon.com/images/I/51omKRIxmnL.%5FAA160%5F.jpg$3Tapa
=856  41$uhttp://campi.cab.cnea.gov.ar/tocs/23089.pdf$3Índice
=005  20160425105000.0
=003  AR-BCCAB
=082  00$a621.3848$222
=942  \\$cBK
=952  \\$2udc$aPOST$bPOST$d20160401$eCiencia y Técnica$g$i20023089$o621.396.96 R390 V.1 vol.1$p20023089$yBK$zFondo de Telecomunicaciones
