=LDR  00000cam##22000004a#4500

=001  018293
=008  110702s2011####maud###f#b####001#0#eng#d
=245  10$aPhased array antennas with optimized element patterns /$cSergei P. Skobelev.
=260  \\$aBoston :$bArtech House,$cc2011.
=300  \\$axxi, 261 p. :$bil. ;$c26 cm.
=490  0\$aArtech House antennas and propagation library
=504  \\$aIncluye referencias biográficas al final de cada capítulo e índice.
=520  \\$aPhased arrays are an important group of antennas commonly used in radar, space communication, broadcasting, and RFID (radio frequency identification) systems. This authoritative resource provides engineers with a detailed description of ideal array element characteristics to help them estimate the quality of development of real-world phased array antennas. Practitioners find several approaches to optimum phased array design, allowing them to provide specified array gain in a specific region of scan, using a minimum number of expensive, controlled devices. Moreover, this practical book presents important numerical methods that engineers can use to model and optimize phased array structure to obtain the best array characteristics that the chosen structure can provide.
=020  \\$a9781608071906
=100  1\$aSkobelev, S. P.$q(Sergei Petrovich),$d1953-
=080  \\$a621.396.94
=650  \7$aAntennas$2inist
=650  \7$aRadar$2inist
=650  \7$arf systems$2inist
=650  \7$aMatrices$2inist
=650  \7$aAntenas$2inist
=650  \7$aSystemas rf$2inist
=653  \\$aPhased array antennas
=653  \\$aSpace communication
=653  \\$aAntenas de fase
=653  \\$aComunicación espacial
=690  \\$aIngeniería en Telecomunicaciones
=010  \\$a##2011452043
=040  \\$aBTCTA$beng$cBTCTA$dYDXCP$dCIT$dDLC$darbccab
=856  41$uhttp://ecx.images-amazon.com/images/I/51MAgn2bRkL.%5FAA160%5F.jpg$3Tapa
=856  41$uhttp://campi.cab.cnea.gov.ar/tocs/23090.pdf$3Índice
=005  20160425105228.0
=003  AR-BCCAB
=942  \\$cBK
=952  \\$2udc$aPOST$bPOST$d20160404$eCiencia y Técnica$g$i20023090$o621.396.94 Sk51$p20023090$yBK$zFondo de Telecomunicaciones
