=LDR  00000cam##22000007a#4500

=001  018294
=008  690110s1968####nyuad##f#b####001#0#eng##
=245  10$aInformation theory and reliable communication /$cRobert G. Gallager.
=260  \\$aNew York :$bJohn Wiley & Sons,$cc1968.
=300  \\$axiv, 588 p. :$bil. ;$c23 cm.
=504  \\$aIncluye infomación bibliográfica ( pp. 569-577) e índice.
=520  \\$aContains: Communication Systems and Information Theory A Measure of Information Coding for Discrete Sources Discrete Memoryless Channels and Capacity The Noisy-Channel Coding Theorem Techniques for Coding and Decoding Memoryless Channels with Discrete Time Waveform Channels Source Coding with a Fidelity Criterion.
=020  \\$a9780471290483
=020  \\$aW471290483
=100  1\$aGallager, Robert G.
=080  \\$a621.391
=650  \7$aInformation theory$2inist
=650  \7$aData transmission systems$2inist
=650  \7$aTeoría de la información$2inist
=650  \7$aTelecommunication$2lemb
=650  \7$aSistemas de transmisión de datos$2inist
=650  \7$aTelecomunicaciones$2lemb
=690  \\$aIngeniería en Telecomunicaciones
=010  \\$a###68026850#
=040  \\$aDLC$cDLC$dDLC$darbccab$bspa
=856  41$uhttp://ecx.images-amazon.com/images/I/41Y6nQ2irZL.%5FAA160%5F.jpg$3Tapa
=856  41$uhttp://campi.cab.cnea.gov.ar/tocs/23091.pdf$3Índice
=005  20160425105317.0
=003  AR-BCCAB
=082  00$a001.5/39
=942  \\$cBK
=952  \\$2udc$aPOST$bPOST$d20160404$eCiencia y Técnica$g$i20023091$o621.391 G135$p20023091$yBK$zFondo de Telecomunicaciones
