=LDR  00000cam##22000001a#4500

=001  018295
=008  091027s2010####njud###f#b####001#0#eng##
=245  10$aAntenna arrays :$ba computational approach /$cRandy L. Haupt.
=260  \\$aHoboken, N.J. :$bWiley-IEEE Press,$cc2010.
=300  \\$axiv, 534 p. :$bil. ;$c25 cm.
=504  \\$aIncluye referencias bibliográficas ( pp. 524-526) e índice.
=520  \\$aA comprehensive tutorial on the design and practical applications of antenna arrays An antenna array is an assembly of antenna elements that maximizes a received or transmitted signal in a desired direction. This practical book covers a wide range of antenna array topics that are becoming increasingly important in wireless applications, with emphasis on array design, applications, and computer modeling. Each chapter in "Antenna Arrays" builds upon the previous chapter, progressively addressing more difficult material. Beginning with basic electromagnetics/antennas/antenna systems information, the book then deals with the analysis and synthesis of arrays of point sources and their associated array factors. It presents a sampling of different antenna elements that replace these point sources, then presents element configurations that do not have to lie along a line or in a plane. The complex and difficult-to-predict interactions of elements and electromagnetic waves are introduced, along with computer modeling and experiments that are necessary for predicting the performance of arrays where mutual coupling is important. Then, various approaches to getting signals to and from the array elements to a computer where the signal detection takes place are explored, as are the numerical techniques behind smart antennas. The book emphasizes the computational methods used in the design and analysis of array antennas. Also featured are signal processing and numerical modeling algorithms, as well as pictures of antenna arrays and components provided by industry and government sources, with explanations of how they operate. Fully course-tested, "Antenna Arrays" serves as a complete text in phased array design and theory for advanced undergraduate- and graduate-level courses in electronics and communications, as well as a reference for practicing engineers and scientists in wireless communications, radar, and remote sensing.
=020  \\$a9780470407752
=100  1\$aHaupt, Randy L.
=080  \\$a621.396.67
=650  \7$aAntennas$2inist
=650  \7$aRadar$2inist
=650  \7$aCalculation methods$2inist
=650  \7$aMatrices$2inist
=650  \7$aAntenas$2inist
=650  \7$aMétodos de cálculo$2inist
=653  \\$aWireless communication
=653  \\$aComunicación inalámbrica
=690  \\$aIngeniería en Telecomunicaciones
=010  \\$a##2009041904
=016  7\$a015434050$2Uk
=040  \\$aDLC$cDLC$dYDX$dBTCTA$dUKM$dYDXCP$dCDX$dBWX$dIUA$dDLC$darbccab$bspa
=856  41$uhttp://ecx.images-amazon.com/images/I/51tIo4wcH+L.%5FAA160%5F.jpg$3Tapa
=856  41$uhttp://campi.cab.cnea.gov.ar/tocs/23092.pdf$3Índice
=005  20160425105108.0
=003  AR-BCCAB
=082  00$a621.382/4$222
=942  \\$cBK
=952  \\$2udc$aPOST$bPOST$d20160404$eCiencia y Técnica$g$i20023092$o621.396.67 H293$p20023092$yBK$zFondo de Telecomunicaciones
