=LDR  00000cam##2200000#a#4500

=001  018296
=008  160104s20172017maua###f#b####001#0#eng#c
=245  10$aOptics /$cEugene Hecht, Adelphi University.
=250  \\$aFifth edition.
=260  \\$aBoston :$bPearson Education, Inc.,$cc2017.
=300  \\$avi, 714 p. :$bil. ;$c28 cm.
=504  \\$aIncluye referencias bibliográficas ( pp. 700-703) e índice.
=520  \\$aOptics, Fifth Edition is distinguished by three core imperatives for the reader: up-to-date content in line with the ever-evolving technological advances in the Optics field; a modern approach to discourse including studies on photons, phasors, and theory; and improvements and revisions to the previous edition's pedagogy including over one hundred new worked examples.
=020  \\$a9780133977226$q(hardcover)
=020  \\$a0133977226$q(hardcover)
=100  1\$aHecht, Eugene.,$eauthor.
=080  \\$a535
=650  \7$aOptics$2inist
=650  \7$aPhotons$2inist
=650  \7$aPolarization$2inist
=650  \7$aDifraction$2inist
=650  \7$aLasers$2inist
=650  \7$aÓptica$2inist
=650  \7$aFotones$2inist
=650  \7$aPolarización$2inist
=650  \7$aDifracción$2inist
=650  \7$aLáseres$2inist
=653  \\$aLigth
=653  \\$aLuz
=690  \\$aIngeniería en Telecomunicaciones
=010  \\$a##2016000110
=040  \\$aOU/DLC$cOU$erda$darbccab$bspa
=856  41$uhttp://ecx.images-amazon.com/images/I/41Fp3vOVB+L.%5FAA160%5F.jpg$3Tapa
=856  41$uhttp://campi.cab.cnea.gov.ar/tocs/23094.pdf$3Índice
=005  20160425105448.0
=003  AR-BCCAB
=082  00$a535$223
=942  \\$cBK
=952  \\$2udc$aPOST$bPOST$d20160405$eCiencia y Técnica$g$i20023094$o535 H355 Ed.5$p20023094$yBK$zFondo de Telecomunicaciones
