=LDR  00000cam##22000008a#4500

=001  018297
=008  960507s1997####njuad##f#b####001#0#eng##
=245  10$aSignals & systems /$cAlan V. Oppenheim, Alan S. Willsky, with S. Hamid Nawab.
=250  \\$a2nd ed.
=260  \\$aUpper Saddle River, N.J. :$bPrentice Hall,$cc1997.
=300  \\$axxx, 957 p. :$bil. ;$c25 cm.
=490  0\$aPrentice-Hall signal processing series
=504  \\$aIncluye referencias bibliográficas (p. 921-929) e índice.
=520  \\$aThis authoritative book, highly regarded for its intellectual quality and contributions provides a solid foundation and life-long reference for anyone studying the most important methods of modern signal and system analysis. The major changes of the revision are reorganization of chapter material and the addition of a much wider range of difficulties.
=020  \\$a0138147574
=100  1\$aOppenheim, Alan V.,$d1937-
=700  1\$aWillsky, Alan S.
=700  1\$aNawab, Syed Hamid.
=246  3\$aSignals and systems
=080  \\$a621.391
=650  \7$aSystem analysis$2inist
=650  \7$aSignals$2inist
=650  \7$aAnalisis de sistemas$2inist
=650  \7$aSeñales$2inist
=690  \\$aIngeniería en Telecomunicaciones
=010  \\$a###96019945#
=040  \\$aDLC$cDLC$dDLC$darbccab$bspa
=856  41$uhttp://ecx.images-amazon.com/images/I/517NQ2TVYQL.%5FAA160%5F.jpg$3Tapa
=856  41$uhttp://campi.cab.cnea.gov.ar/tocs/23095.pdf$3Índice
=005  20160425105549.0
=003  AR-BCCAB
=082  00$a621.382/23$220
=942  \\$cBK
=952  \\$2udc$aPOST$bPOST$i20023095$o621.391 Op52 Ed.2$p20023095$yBK
