=LDR  00000cam##2200000#a#4500

=001  018298
=008  050113s2005####maud###f#b####001#0#eng##
=245  10$aPhased array antenna handbook /$cRobert J. Mailloux.
=250  \\$a2nd ed.
=260  \\$aBoston :$bArtech House,$cc2005.
=300  \\$axv, 496 p. :$bil. ;$c26 cm.
=440  \0$aArtech House antennas and propagation library
=504  \\$aIncluye referencias bibliográficas en cada capítulo e índice.
=520  \\$aThis newly revised edition of the Artech House classic, Phased Array Antenna Handbook, offers the most up-to-date and broadest view of array antennas and systems. You find complete design details that allow you to size an array system with speed and confidence. The second edition offers you a wealth of new material, including a detailed treatment of antenna system noise, sections on antenna pattern synthesis, developments in subarray technology, and in-depth information on array architecture and components. Moreover, you find expanded coverage of systems aspects of arrays for radar and communications. Supported with over 350 equations and more than 270 illustrations, this practical book helps you evaluate basic antenna parameters such as gain, sidelobe levels, and noise. You learn how to compute antenna system noise, design subarray geometries for given bandwidth, scan and sidelobe constraints, and choose array illumination tapers for given sidelobe levels.
=020  \\$a1580536891 (alk. paper)
=100  1\$aMailloux, Robert J.
=650  \7$aAntennas$2inist
=650  \7$aRadar$2inist
=650  \7$aCommunications$2inist
=650  \7$aNoise$2inist
=650  \7$aAntenas$2inist
=650  \7$aComunicaciones$2inist
=650  \7$aRuido$2inist
=653  \\$aPhased array antenna
=653  \\$aAntenas de fase
=690  \\$aIngeniería en Telecomunicaciones
=010  \\$a##2005041996
=040  \\$aDLC$cDLC$dDLC$darbccab$bspa
=856  41$uhttp://ecx.images-amazon.com/images/I/41+PpydixfL.%5FAA160%5F.jpg$3Tapa
=856  41$uhttp://campi.cab.cnea.gov.ar/tocs/23096.pdf$3Índice
=005  20160425105156.0
=003  AR-BCCAB
=082  00$a621.382/4$222
=942  \\$cBK
=952  \\$2udc$aPOST$bPOST$d20160405$eCiencia y Técnica$g$i20023096$o621.396.67 M283 Ed.2$p20023096$yBK$zFondo de Telecomunicaciones
