=LDR  00000cam##22000004a#4500

=001  018299
=008  040407s2004####nju####f#b####001#0#eng##
=245  10$aError control coding :$bfundamentals and applications /$cShu Lin, Daniel J. Costello.
=250  \\$a2nd ed.
=260  \\$aUpper Saddle River, N.J. :$bPearson-Prentice Hall,$cc2004.
=300  \\$axii, 1260 p. :$bil. ;$c24 cm.
=504  \\$aIncluye referencias bibliográficas al final de cada capítulo e índice.
=520  \\$aA reorganized and comprehensive major revision of a classic book, this edition provides a bridge between introductory digital communications and more advanced treatment of information theory. Completely updated to cover the latest developments, it presents state-of-the-art error control techniques. Coverage of the fundamentals of coding and the applications of codes to the design of real error control systems. Contains the most recent developments of coded modulation, trellises for codes, soft-decision decoding algorithms, turbo coding for reliable data transmission and other areas. There are two new chapters on Reed-Solomon codes and concatenated coding schemes. Also contains hundreds of new and revised examples; and more than 200 illustrations of code structures, encoding and decoding circuits and error performance of many important codes and error control coding systems. Appropriate for those with minimum mathematical background as a comprehensive reference for coding theory.
=020  \\$a0130426725
=020  \\$a9780130426727
=100  1\$aLin, Shu,$d1937-
=700  1\$aCostello, Daniel J.,$d1942-
=080  \\$a621.391
=650  \7$aInformation theory$2inist
=650  \7$aTeoría de la Información$2inist
=653  \\$aError-correcting codes
=653  \\$aBlock codes
=653  \\$aCódigos de corrección de errores
=653  \\$aCódigos de bloqueo
=690  \\$aIngeniería en Telecomunicaciones
=010  \\$a##2004040060
=016  7\$a013043440$2Uk
=016  7\$a006912129$2Uk
=040  \\$aDLC$cDLC$dYDX$dBAKER$dUKM$dTTU$dBTCTA$dYDXCP$dLVB$dDLC$darbccab$bspa
=856  \\$uhttp://ecx.images-amazon.com/images/I/51ANGHQ1QVL.%5FAA160%5F.jpg$3Tapa
=856  \\$uhttp://campi.cab.cnea.gov.ar/tocs/23097.pdf$3Índice
=005  20160425105616.0
=003  AR-BCCAB
=082  00$a005.7/2$222
=942  \\$cBK
=952  \\$2udc$aPOST$bPOST$d20160405$eCiencia y Técnica$g$i20023097$o621.391 L630 Ed.2$p20023097$yBK$zFondo de Telecomunicaciones
