=LDR  00000cam##2200000#a#4500

=001  018300
=008  160412s2015####au#a###fsb####000#0#eng#d
=245  00$aINPRO methodology for sustainability assessment of nuclear energy systems :$benvironmental impact from depletion of resources$h[recurso electrónico] /$cInternational Atomic Energy Agency.
=260  \\$aVienna :$bIAEA,$c2015.
=300  \\$a76 p. :$bil. ;$c30 cm.
=490  0\$aIAEA nuclear energy series ;$vNG-T-3.13,$x19957807
=500  \\$aSTI/PUB/1700.
=500  \\$aTítulo tomado de la versión electrónica (consultado: 12.04.16).
=504  \\$aIncluye referencias bibliográficas.
=520  \\$aINPRO is an international project to help ensure that nuclear energy is available to contribute in a sustainable manner to meeting the energy needs of the 21st century. A basic principle of INPRO in the area of environmental impact from depletion of resources is that a nuclear energy system will be capable of contributing to the energy needs in the 21st century while making efficient use of non-renewable resources needed for construction, operation and decommissioning. Recognizing that a national nuclear energy programme in a given country may be based both on indigenous resources and resources purchased from abroad, this publication provides background materials and summarizes the results of international global resource availability studies that could contribute to the corresponding national assessments.
=538  \\$aModo de acceso: World Wide Web.
=020  \\$a9789201034151
=710  2\$aInternational Atomic Energy Agency.
=650  \7$aNuclear energy$xInternational cooperation$2inist
=650  \7$aNuclear energy$xEvaluation$2inist
=650  \7$aEnergía nuclear$xCooperación internacional$2inist
=650  \7$aEnergía nuclear$xEvaluación$2inist
=040  \\$aarbccab$bspa
=856  40$qpdf$s1.19Mb$uhttp://www-pub.iaea.org/MTCD/Publications/PDF/P1700%5Fweb.pdf$3Texto completo
=856  40$uhttp://www-pub.iaea.org/MTCD/pubcovers/P1700%5Fcov.gif$3Tapa
=005  20160412160845.0
=003  AR-BCCAB
=942  \\$cBK
