=LDR  00000nam##22000005a#4500

=001  018301
=008  160412s2015####au#a###fsb####000#0#eng#d
=245  00$aManual of good practice in food irradiation :$bsanitary, phytosanitary and other applications$h[recurso electrónico] /$cInternational Atomic Energy Agency.
=260  \\$aVienna :$bIAEA,$c2015.
=300  \\$a85 p. :$bfigs. ;$c24 cm.
=490  0\$aTechnical reports series ;$v481,$x00741914
=500  \\$aSTI/DOC/010/481.
=500  \\$aTítulo tomado de la versión electrónica (consultado: 12.04.16).
=504  \\$aIncluye referencias bibliográficas.
=520  \\$aEnsuring that the process of irradiating food delivers the desired result consistently is essential for the correct application of the technology and will help to inspire consumer confidence in irradiated food. This publication aims to help operators of irradiation facilities to appreciate and improve their practices and also to provide detailed, yet straightforward, technical information for stakeholders such as food regulators, manufacturers and traders, who also need to understand 'good practice'.
=538  \\$aModo de acceso: World Wide Web.
=020  \\$a9789201052155
=710  2\$aInternational Atomic Energy Agency.
=650  \7$aFood$2inist
=650  \7$aAlimentos$2inist
=653  \\$aIrradiated foods
=653  \\$aPreservation
=653  \\$aAlimentos irradiados
=653  \\$aPerservación
=040  \\$aarbccab$bspa
=856  40$qpdf$uhttp://www-pub.iaea.org/MTCD/Publications/PDF/trs481web-98290059.pdf$3Texto completo
=856  40$uhttp://www-pub.iaea.org/MTCD/pubcovers/trs481cov-63442391.png$3Tapa
=005  20160412160523.0
=003  AR-BCCAB
=942  \\$cBK
