=LDR  00000nam##22000005a#4500

=001  018302
=008  160412s2015####au#a###fsb####000#0#eng#d
=245  00$aTechnical challenges in the application and licensing of digital instrumentation and control systems in nuclear power plants$h[recurso electrónico] /$cInternational Atomic Energy Agency.
=260  \\$aVienna :$bIAEA,$c2015.
=300  \\$a65 p. :$bfigs. ;$c30 cm.
=490  0\$aIAEA nuclear energy series ;$vNP-T-1.13,$x19957807
=500  \\$aSTI/PUB/1695.
=500  \\$aTítulo tomado de la versión electrónica (consultado: 12.04.16).
=504  \\$aIncluye referencias bibliográficas.
=520  \\$aWith the modernization of existing analogue instrumentation and control (I&C) systems in nuclear power plants through digital I&C technology, and the implementation of digital I&C systems in new plants, the industry is faced with significant challenges. These challenges appear in the form of difficulties in managing the necessarily incremental transition, highly integrated (and interdependent) architectures, the flexible configurability enabled by digital technology, and uncertainty and inconsistency in licensing digital I&C systems and equipment in the different Member States. This publication discusses 17 major issues that utilities, developers, suppliers and regulatory stakeholders need to consider, so that the industry can capture and benefit from shared experience, recent technological developments, and emerging best practices.
=538  \\$aModo de acceso: World Wide Web.
=020  \\$a9789201029157
=710  2\$aInternational Atomic Energy Agency.
=650  \7$aNuclear power plants$2inist
=650  \7$aReactors$xControl$2inist
=650  \7$aCentrales nucleares$2inist
=650  \7$aReactores$xControl$2inist
=653  \\$aDigital control systems
=653  \\$aSistemas de control digital
=040  \\$aarbccab$bspa
=856  40$qpdf$uhttp://www-pub.iaea.org/MTCD/Publications/PDF/P1695%5Fweb.pdf$3Texto completo
=856  40$uhttp://www-pub.iaea.org/MTCD/pubcovers/P1695%5Fcov.gif$3Tapa
=005  20160414133958.0
=003  AR-BCCAB
=942  \\$cBK
