=LDR  00000nam##22000005a#4500

=001  018303
=008  160414s2015####au#a###fsb####000#0#eng#d
=245  00$aIndicators for nuclear power development$h[recurso electrónico] /$cInternational Atomic Energy Agency.
=260  \\$aVienna :$bIAEA,$c2015.
=300  \\$a93 p. :$bfigs. ;$c30 cm.
=490  0\$aIAEA nuclear energy series ;$vNG-T-4.5,$x19957807
=500  \\$aSTI/PUB/1712.
=500  \\$aTítulo tomado de la versión electrónica (consultado: 14.04.16).
=504  \\$aIncluye referencias bibliográficas.
=520  \\$aConsidering the scale of nuclear power aspirations, the number of planned nuclear new builds and the prospects of a number of countries constructing their first nuclear power plants, there is a need to assess the broader context of nuclear energy programmes in areas of macro-and socioeconomic conditions, energy systems and nuclear power, and the environment. It is important to assess the degree to which introduction or expansion of nuclear power is beneficial under these specific circumstances. This publication provides a set of indicators for nuclear power development that can serve as a tool to help explore these issues. The indicators are meant to provide a first order assessment of the situation and identify the issues that present the benefits and challenges in a balanced and objective manner and thereby help guide more detailed evaluations in the next stage of planning and preparations. Methodology sheets are provided to help users in data collection, quantification and interpretation of the indicators. The application of the indicators set is flexible. Users can select a subset of indicators that are most relevant for the questions they wish to explore in a given study or decision making process.
=538  \\$aModo de acceso: World Wide Web.
=020  \\$a9789201071156
=710  2\$aInternational Atomic Energy Agency.
=650  \7$aNuclear energy$2inist
=650  \7$aEnergy consumption$2inist
=650  \7$aEnergy security$2inist
=650  \7$aIAEA$2inist
=650  \7$aEnergía nuclear$2inist
=650  \7$aConsumo energético$2inist
=650  \7$aSeguridad energética$2inist
=650  \7$aOIEA$2inist
=653  \\$aInternational Atomic Energy Agency
=653  \\$aOrganismo Internacional Energía Atómica
=040  \\$aarbccab$bspa
=856  40$qpdf$s1.31Mb$uhttp://www-pub.iaea.org/MTCD/Publications/PDF/Pub1712%5Fweb.pdf$3Texto completo
=856  40$uhttp://www-pub.iaea.org/MTCD/pubcovers/10910.jpg$3Tapa
=005  20160414134842.0
=003  AR-BCCAB
=942  \\$cBK
