=LDR  00000nam##22000005a#4500

=001  018304
=245  00$aRadiation protection of itinerant workers$h[recurso electrónico] /$cInternational Atomic Energy Agency.
=260  \\$aVienna :$bIAEA,$c2015.
=300  \\$a144 p. :$bfigs. ;$c24 cm.
=490  0\$aSafety reports series ;$vno. 84,$x10206450
=500  \\$aSTI/PUB/1688.
=500  \\$aTítulo tomado de la versión electrónica (consultado: 14.04.16).
=504  \\$aIncluye referencias bibliográficas.
=520  \\$aThis publication addresses the protection and safety issues associated with the use of itinerant workers. Such workers are defined for this report as occupationally exposed workers, who work in supervised and/or controlled areas at one or more locations and are not employees of the management of the facility where they are working. It focuses on the necessary communication and cooperation to establish a clear allocation of responsibilities among the relevant parties, including the itinerant worker, the employer of that worker and the management of the facility at which the work is occurring. Managerial and practical arrangements are described, to ensure the protection and safety of itinerant workers. Discussion topics include dose tracking and control, training, safety culture development and application of the requirements for protection and safety coherently with other requirements.
=538  \\$aModo de acceso: World Wide Web.
=020  \\$a9789201022158
=710  2\$aInternational Atomic Energy Agency.
=650  \7$aIonizing radiations$2inist
=650  \7$aDosimetry$2inist
=650  \7$aIAEA$2inist
=650  \7$aRadiaciones ionizantes$2inist
=650  \7$aDosimetría$2inist
=650  \7$aOIEA$2inist
=653  \\$aRadiation
=653  \\$aSafety measures
=653  \\$aInternational Atomic Energy Agency
=653  \\$aRadiación
=653  \\$aMedidas de seguridad
=653  \\$aOrganismo Internacional de Energía Atómica.
=040  \\$aarbccab$bspa
=856  40$qpdf$s0.90Mb$uhttp://www-pub.iaea.org/MTCD/Publications/PDF/Pub1688%5Fweb.pdf$3Texto completo
=856  40$uhttp://www-pub.iaea.org/MTCD/pubcovers/10788.jpg$3Tapa
=008  160414s2015####au#a###fsb####000#0#eng#d
=005  20160414114843.0
=003  AR-BCCAB
=942  \\$cBK
