=LDR  00000nam##22000005a#4500

=001  018305
=008  160415s2015####au#a###fsb####000#0#eng#d
=245  00$aSecurity of nuclear material in transport :$bimplementing guide$h[recurso electrónico] /$cInternational Atomic Energy Agency.
=260  \\$aVienna :$bIAEA,$c2015.
=300  \\$a104 p. :$bfigs. ;$c24 cm.
=490  0\$aIAEA nuclear security series ;$v26-G,$x18169317
=500  \\$aSTI/PUB/1686.
=500  \\$aTítulo tomado de la versión electrónica (consultado: 15.04.16).
=504  \\$aIncluye referencias bibliográficas.
=520  \\$aThis publication provides guidance to States and their competent authorities on how to implement and maintain a physical protection regime for transport of nuclear material. It will also be useful to shippers or carriers in the design and implementation of their physical protection systems. The publication builds upon the Nuclear Security Recommendations on Physical Protection of Nuclear Material and Nuclear Facilities (INFCIRC/225/Revision 5), IAEA Nuclear Security Series No. 13, and provides additional guidance on how to implement these recommendations in practice.
=538  \\$aModo de acceso: World Wide Web.
=020  \\$a9789201020154
=710  2\$aInternational Atomic Energy Agency.
=650  \7$aNuclear Industry$2inist
=650  \7$aIAEA$xEvaluación$2inist
=650  \7$aIndustria nuclear$2inist
=650  \7$aOIEA$xEvaluación$2inist
=653  \\$aRadioactive substances
=653  \\$aTransportations
=653  \\$aSafety measures
=653  \\$aSustancias radioactivas
=653  \\$aTransportes
=653  \\$aMedidas de seguridad
=653  \\$aOrganismo Internacional de Energía Atómica
=040  \\$aarbccab$bspa
=856  40$qpdf$s1.00Mb$uhttp://www-pub.iaea.org/MTCD/Publications/PDF/Pub1686%5Fweb.pdf$3Texto completo
=856  40$uhttp://www-pub.iaea.org/MTCD/pubcovers/10792.jpg$3Tapa
=005  20160418133149.0
=003  AR-BCCAB
=942  \\$cBK
