=LDR  00000nam##22000005a#4500

=001  018306
=008  160415s2015####au#a###fsb####000#0#eng#d
=245  00$aDevelopment and implementation of a process based management system$h[recurso electrónico] /$cInternational Atomic Energy Agency.
=260  \\$aVienna :$bIAEA,$c2015.
=300  \\$a57 p. :$bfigs. ;$c30 cm.
=490  0\$aIAEA nuclear energy series ;$vNG-T-1.3,$x19957807
=500  \\$aSTI/PUB/1698.
=500  \\$aTítulo tomado de la versión electrónica (consultado: 15.04.16).
=504  \\$aIncluye referencias bibliográficas.
=520  \\$aThe implementation of a process based management system is challenging for many organizations accustomed to traditional, non-integrated, non-process based approaches to management systems. This publication provides practical guidance to nuclear organizations that are planning to implement a management system to comply with IAEA Safety Standards Series No.GS-R-3. It will also be beneficial for newcomer countries, since a vendor-provided "management system" delivered with a nuclear power plant to ensure safe operation is often a quality management system for operations and maintenance, which may integrate aspects related to safety and environmental protection. These quality assurance systems have to undergo a transition to a process based management system to ensure that the processes of the owner/operator will be tailored to achieve the goals and objectives for safe operation.
=538  \\$aModo de acceso: World Wide Web.
=020  \\$a9789201032157
=710  2\$aInternational Atomic Energy Agency.
=650  \7$aNuclear facilities$xManagement$2inist
=650  \7$aNuclear facilities$xRisk assessment$2inist
=650  \7$aNuclear Industry$xQuality control$2inist
=650  \7$aProcess control$2inist
=650  \7$aIAEA$2inist
=650  \7$aInstalaciones nucleares$xGestión$2inist
=650  \7$aInstalaciones nucleares$xValoración del riesgo$2inist
=650  \7$aIndustria nuclear$xControl de calidad$2inist
=650  \7$aControl del proceso$2inist
=650  \7$aOIEA$2inist
=653  \\$aOrganismo Internacional Energía Atómica
=040  \\$aarbccab$bspa
=856  40$qpdf$s1.65Mb$uhttp://www-pub.iaea.org/MTCD/Publications/PDF/P1698%5Fweb.pdf$3Texto completo
=856  40$uhttp://www-pub.iaea.org/MTCD/pubcovers/P1698%5Fcov.gif$3Tapa
=005  20160418135210.0
=003  AR-BCCAB
=942  \\$cBK
