=LDR  00000nam##22000005a#4500

=001  018307
=008  160419s2015####au#a###fsb####000#0#eng#d
=245  00$aPreparedness and response for a nuclear or radiological emergency :$bgeneral safety requirements$h[recurso electrónico] /$cInternational Atomic Energy Agency.
=260  \\$aVienna :$bIAEA,$c2015.
=300  \\$a102 p. :$bfigs. ;$c24 cm.
=490  0\$aIAEA safety standards series ;$vGSR part 7,$x1020525X
=500  \\$aSTI/PUB/1708.
=500  \\$aTítulo tomado de la versión electrónica (consultado: 19.04.16).
=504  \\$aIncluye referencias bibliográficas.
=520  \\$aThis publication, jointly sponsored by the FAO, IAEA, ICAO, ILO, IMO, INTERPOL, OECD/NEA, PAHO, CTBTO, UNEP, OCHA, WHO and WMO, is the new edition establishing the requirements for preparedness and response for a nuclear or radiological emergency which takes into account the latest experience and developments in the area. It supersedes the previous edition of the Safety Requirements for emergency preparedness and response, Safety Standards Series No. GS-R-2, which was published in 2002. This publication establishes the requirements for ensuring an adequate level of preparedness and response for a nuclear or radiological emergency, irrespective of its cause. These Safety Requirements are intended to be used by governments, emergency response organizations, other authorities at the local, regional and national levels, operating organizations and the regulatory body as well as by relevant international organizations at the international level.
=538  \\$aModo de acceso: World Wide Web.
=020  \\$a9789201057150
=710  2\$aInternational Atomic Energy Agency.
=650  \7$aIonizing radiation$xAccidents$2inist
=650  \7$aManagement$2inist
=650  \7$aIAEA$2inist
=650  \7$aRadiaciones ionizantes$xAccidentes$2inist
=650  \7$aGestión$2inist
=650  \7$aOIEA$2inist
=653  \\$aNuclear accidents
=653  \\$aEmergency managements
=653  \\$aAccidentes nucleares
=653  \\$aGestiones de emergencia
=653  \\$aOrganismo Internacional Energia Atómica
=040  \\$aarbccab$bspa
=856  40$qpdf$s0.83Mb$uhttp://www-pub.iaea.org/MTCD/Publications/PDF/P%5F1708%5Fweb.pdf$3Texto completo
=856  40$uhttp://www-pub.iaea.org/MTCD/pubcovers/P1708%5Fcov.gif$3Tapa
=005  20160419134727.0
=003  AR-BCCAB
=942  \\$cBK
