=LDR  00000nam##22000005a#4500

=001  018308
=008  160419s2016####au#a###fsb####000#0#eng#d
=245  00$aApplication of field programmable gate arrays in instrumentation and control systems of nuclear power plants$h[recurso electrónico] /$cInternational Atomic Energy Agency.
=260  \\$aVienna :$bIAEA,$c2016.
=300  \\$a80 p. :$bfigs.
=490  0\$aIAEA nuclear energy series ;$vNP-T-3.17,$x19957807
=500  \\$aSTI/PUB/1701.
=500  \\$aTítulo tomado de la versión electrónica (consultado: 19.04.16).
=504  \\$aIncluye referencias bibliográficas.
=520  \\$aField programmable gate arrays (FPGAs) are gaining increased attention worldwide for application in nuclear power plant (NPP) instrumentation and control (I&C) systems, particularly for safety and safety related applications, but also for non-safety ones. NPP operators and equipment suppliers see potential advantages of FPGA based digital I&C systems as compared to microprocessor based applications. This is because FPGA based systems can be made simpler, more testable and less reliant on complex software (e.g. operating systems), and are easier to qualify for safety and safety related applications. This publication results from IAEA consultancy meetings covering the various aspects, including design, qualification, implementation, licensing, and operation, of FPGA based I&C systems in NPPs.
=538  \\$aModo de acceso: World Wide Web.
=020  \\$a9789201035158
=710  2\$aInternational Atomic Energy Agency.
=650  \7$aNuclear power plants$2inist
=650  \7$aControl$2inist
=650  \7$aIAEA$2inist
=650  \7$aCentrales nucleares$2inist
=650  \7$aOIEA$2inist
=653  \\$aInstruments
=653  \\$aNuclear reactors
=653  \\$aField programmable gate arrays
=653  \\$aOrganismo Internacional Energía Atómica
=653  \\$aInstrumentos
=653  \\$aReactores nucleares
=040  \\$aarbccab$bspa
=856  40$qpdf$s1.19Mb$uhttp://www-pub.iaea.org/MTCD/Publications/PDF/Pub1701%5Fweb.pdf$3Texto completo
=856  40$uhttp://www-pub.iaea.org/MTCD/pubcovers/10770.jpg$3Tapa
=005  20160419140115.0
=003  AR-BCCAB
=942  \\$cBK
