=LDR  00000nam##22000005a#4500

=001  018310
=008  160420s2016####au#a###fsb####000#0#eng#d
=245  00$aAgeing management of concrete structures in nuclear power plants$h[recurso electrónico] /$cInternational Atomic Energy Agency.
=260  \\$aVienna :$bIAEA,$c2016.
=300  \\$a355 p. :$bfigs.
=490  0\$aIAEA nuclear energy series ;$vNP-T-3.5,$x19957807
=500  \\$aSTI/PUB/1654.
=500  \\$aTítulo tomado de la versión electrónica (consultado: 20.04.16).
=504  \\$aIncluye referencias bibliográficas.
=520  \\$aThis report is an update of IAEA-TECDOC-1025, Assessment and Management of Ageing of Major Nuclear Power Plant Components Important to Safety: Concrete Containment Buildings, published in 1998. This publication is one in a series of reports on the assessment and management of ageing of major nuclear power plant components. Current practices for assessment of safety margins (fitness for service) and inspection, monitoring and mitigation of ageing related degradation of selected concrete structures related to NPPs are documented. Implications for and differences in new reactor designs are discussed. This information is intended to help all involved directly and indirectly in ensuring the safe operation of NPPs, and also to provide a common technical basis for dialogue between plant operators and regulators when dealing with age related licensing issues.
=538  \\$aModo de acceso: World Wide Web.
=020  \\$a9789201029140
=710  2\$aInternational Atomic Energy Agency.
=650  \7$aNuclear power plants$xReliability$2inist
=650  \7$aConcrete$xService life$2inist
=650  \7$aCentrales nucleares$xFiabilidad$2inist
=650  \7$aHormigones$xVida útil$2inist
=653  \\$aMaintainability
=653  \\$aSafety measures
=653  \\$aMantenibilidad
=653  \\$aMedidas de seguridad
=040  \\$aarbccab$bspa
=856  40$qpdf$s6.47Mb$uhttp://www-pub.iaea.org/MTCD/Publications/PDF/P1654%5Fweb.pdf$3Texto completo
=856  40$uhttp://www-pub.iaea.org/MTCD/pubcovers/P1654%5Fcov.gif$3Tapa
=005  20160420084145.0
=003  AR-BCCAB
=942  \\$cBK
