=LDR  00000nam##22000005a#4500

=001  018311
=008  160420s2016####au#a###fsb####000#0#eng#d
=245  00$aRadiation safety for consumer products$h[recurso electrónico] /$cInternational Atomic Energy Agency.
=260  \\$aVienna :$bIAEA,$c2016.
=300  \\$a109 p. :$bfigs.
=490  0\$aIAEA safety standards series ;$vSSG-36,$x1020525X
=500  \\$aSTI/PUB/1691.
=500  \\$aTítulo tomado de la versión electrónica (consultado: 20.04.16).
=504  \\$aIncluye referencias bibliográficas.
=520  \\$aIn the IAEA safety standards, a 'consumer product' is defined as a device or manufactured item into which radionuclides have deliberately been incorporated or produced by activation, or which generates ionizing radiation, and which can be sold or made available to members of the public without special surveillance or regulatory control after sale. Many such products, including irradiated gemstones, are sold in commercial outlets and over the Internet. This Safety Guide outlines the regulatory approach to authorizing the manufacture and supply of such products to the public, including justification, safety assessment and application of the criteria for exemption. The guidance will also assist manufacturers, transport companies and suppliers to comply with regulatory requirements during the life cycle of consumer products, including recycling and disposal at the end of their useful life.
=538  \\$aModo de acceso: World Wide Web.
=020  \\$a9789201025159
=710  2\$aInternational Atomic Energy Agency.
=650  \7$aRadiations$2inist
=650  \7$aRadioisotopes$2inist
=650  \7$aRadiaciones$2inist
=650  \7$aRadioisotopos$2inist
=653  \\$aRadioactive substances
=653  \\$aSafety measures
=653  \\$aDosage
=653  \\$aConsumer goods
=653  \\$aSustancias radioactivas
=653  \\$aMedidas de seguridad
=653  \\$aDosificación
=653  \\$aBienes de consumo
=040  \\$aarbccab$bspa
=856  40$qpdf$s0.83Mb$uhttp://www-pub.iaea.org/MTCD/Publications/PDF/Pub1691Web-38192355.pdf$3Texto completo
=856  40$uhttp://www-pub.iaea.org/MTCD/pubcovers/p1691cov-30014956.png$3Tapa
=005  20160420084135.0
=003  AR-BCCAB
=942  \\$cBK
