=LDR  00000nam##22000005a#4500

=001  018312
=008  160420s2016####au#a###fsb####000#0#eng#d
=245  00$aGovernmental, legal and regulatory framework for safety$h[recurso electrónico] /$cInternational Atomic Energy Agency.
=260  \\$aVienna :$bIAEA,$c2016.
=300  \\$a42 p. :$bfigs.
=490  0\$aIAEA safety standards series ;$vGSR Part 1 (Rev. 1),$x1020525X
=500  \\$aSTI/PUB/1713.
=500  \\$aTítulo tomado de la versión electrónica (consultado: 20.04.16).
=504  \\$aIncluye referencias bibliográficas.
=520  \\$aThis publication establishes requirements in respect of the governmental, legal and regulatory framework for safety. It covers the essential aspects of the framework for establishing a regulatory body and taking other actions necessary to ensure the effective regulatory control of facilities and activities utilized for peaceful purposes. Other responsibilities and functions, such as liaison within the global safety regime and on support services for safety (including radiation protection), emergency preparedness and response, nuclear security, and the State system of accounting for and control of nuclear material, are also covered. A review of Safety Requirements publications was commenced in 2011 following the accident in the Fukushima Daiichi nuclear power plant in Japan. The review revealed no significant areas of weakness and resulted in just a small set of amendments to strengthen the requirements and facilitate their implementation, which are contained in the present publication.
=538  \\$aModo de acceso: World Wide Web.
=020  \\$a9789201088154
=710  2\$aInternational Atomic Energy Agency.
=650  \7$aNuclear facilities$2inist
=650  \7$aRadioactive waste management$2inist
=650  \7$aRadiation protection$xGovernment policies$2inist
=650  \7$aInstalaciones nucleares$2inist
=650  \7$aGestión de residuos radiactivos$2inist
=650  \7$aProtección contra las radiaciones$xPolíticas gubernamentales$2inist
=653  \\$aRadioactive substances
=653  \\$aSafety measures
=653  \\$aLaw and legislation
=653  \\$aSustancias radioactivas
=653  \\$aMedidas de seguridad
=653  \\$aDerecho y legislación
=040  \\$aarbccab$bspa
=856  40$qpdf$s0.58Mb$uhttp://www-pub.iaea.org/MTCD/Publications/PDF/Pub1713web-70795870.pdf$3Texto completo
=856  40$uhttp://www-pub.iaea.org/MTCD/pubcovers/pub1713cov-63381643.png$3Tapa
=005  20160420104017.0
=003  AR-BCCAB
=942  \\$cBK
