=LDR  00000nam##22000005a#4500

=001  018313
=245  00$aSafety assessment for facilities and activities$h[recurso electrónico] /$cInternational Atomic Energy Agency.
=260  \\$aVienna :$bIAEA,$c2016.
=300  \\$a38 p. :$bfigs.
=490  0\$aIAEA safety standards series ;$vGSR Part 4 (Rev. 1),$x1020525X
=500  \\$aSTI/PUB/1714.
=500  \\$aTítulo tomado de la versión electrónica (consultado: 20.04.16).
=504  \\$aIncluye referencias bibliográficas.
=520  \\$aThis publication describes the generally applicable requirements to be fulfilled in safety assessments for facilities and activities, with special attention paid to defence in depth, quantitative analyses and the application of a graded approach to the ranges of facilities and of activities that are addressed. The requirements provide a consistent and coherent basis for safety assessments, facilitating the transfer of good practices between organizations. A review of Safety Requirements publications was commenced in 2011 following the accident in the Fukushima Daiichi nuclear power plant in Japan. The review revealed no significant areas of weakness and resulted in just a small set of amendments to strengthen the requirements and facilitate their implementation, which are contained in the present publication.
=538  \\$aModo de acceso: World Wide Web.
=020  \\$a9789201091154
=710  2\$aInternational Atomic Energy Agency.
=650  \7$aNuclear facilities$2inist
=650  \7$aNuclear power plants$xRisk assessment$2inist
=650  \7$aInstalaciones nucleares$2inist
=650  \7$aCentrales nucleares$xValoración del riesgo$2inist
=653  \\$aIndustrial safety
=653  \\$aSafety measures
=653  \\$aSeguridad industrial
=653  \\$aMedidas de seguridad
=040  \\$aarbccab$bspa
=856  40$qpdf$s0.62Mb$uhttp://www-pub.iaea.org/MTCD/Publications/PDF/Pub1714web-7976998.pdf$3Texto completo
=856  40$uhttp://www-pub.iaea.org/MTCD/pubcovers/pub1714cov-41160533.png$3Tapa
=008  160420s2016####au#a###fsb####000#0#eng#d
=005  20160420091859.0
=003  AR-BCCAB
=942  \\$cBK
