=LDR  00000nam##22000005a#4500

=001  018314
=008  160420s2016####au#a###fsb####000#0#eng#d
=245  00$aSite evaluation for nuclear installations$h[recurso electrónico] /$cInternational Atomic Energy Agency.
=260  \\$aVienna :$bIAEA,$c2016.
=300  \\$a27 p. :$bfigs.
=490  0\$aIAEA safety standards series ;$vNS-R-3 (Rev. 1),$x1020525X
=500  \\$aSTI/PUB/1709.
=500  \\$aTítulo tomado de la versión electrónica (consultado: 20.04.16).
=504  \\$aIncluye referencias bibliográficas.
=520  \\$aThis publication establishes requirements and provides criteria for ensuring safety in site evaluation for nuclear installations. The Safety Guides on site evaluation listed in the references section provide recommendations on how to meet the requirements established in this publication. A review of Safety Requirements publications was commenced in 2011 following the accident in the Fukushima Daiichi nuclear power plant in Japan. The review revealed no significant areas of weakness and resulted in just a small set of amendments to strengthen the requirements and facilitate their implementation, which are contained in the present publication.
=538  \\$aModo de acceso: World Wide Web.
=020  \\$a9789201065155
=710  2\$aInternational Atomic Energy Agency.
=650  \7$aNuclear facilities$2inist
=650  \7$aNuclear power plants$2inist
=650  \7$aInstalaciones nucleares$2inist
=650  \7$aCentrales nucleares$2inist
=653  \\$aSafety measures
=653  \\$aNatural disaster effects
=653  \\$aMedidas de seguridad
=653  \\$aEfectos de los desastres naturales
=040  \\$aarbccab$bspa
=856  40$qpdf$s0.61Mb$uhttp://www-pub.iaea.org/MTCD/Publications/PDF/Pub1709web-84170892.pdf$3Texto completo
=856  40$uhttp://www-pub.iaea.org/MTCD/pubcovers/pub1709cov-45369218.png$3Tapa
=005  20160420110233.0
=003  AR-BCCAB
=942  \\$cBK
