=LDR  00000nam##22000005a#4500

=001  018315
=245  00$aSafety of nuclear power plants :$bDesign$h[recurso electrónico] /$cInternational Atomic Energy Agency.
=260  \\$aVienna :$bIAEA,$c2016.
=300  \\$a71 p. :$bfigs.
=490  0\$aIAEA safety standards series ;$vSSR-2/1 (Rev. 1),$x1020525X
=500  \\$aSTI/PUB/1715.
=500  \\$aTítulo tomado de la versión electrónica (consultado: 20.04.16).
=504  \\$aIncluye referencias bibliográficas.
=520  \\$aThis publication establishes requirements applicable to the design of nuclear power plants and elaborates on the safety objective, safety principles and concepts that provide the basis for deriving the safety requirements that must be met for the design of a nuclear power plant. It will be useful for organizations involved in design, manufacture, construction, modification, maintenance, operation and decommissioning of nuclear power plants, as well as for regulatory bodies. A review of Safety Requirements publications was commenced in 2011 following the accident in the Fukushima Daiichi nuclear power plant in Japan. The review revealed no significant areas of weakness and resulted in just a small set of amendments to strengthen the requirements and facilitate their implementation, which are contained in the present publication.
=538  \\$aModo de acceso: World Wide Web.
=020  \\$a9789201093158
=710  2\$aInternational Atomic Energy Agency.
=650  \7$aNuclear power plants$xManagement$2inist
=650  \7$aCentrales nucleares$xGestión$2inist
=653  \\$aSafety regulation
=653  \\$aSafety measures
=653  \\$aDesign and construction
=653  \\$aRegulación de seguridad
=653  \\$aMedidas de seguridad
=653  \\$aDiseño y construcción
=040  \\$aarbccab$bspa
=856  40$qpdf$s0.77Mb$uhttp://www-pub.iaea.org/MTCD/Publications/PDF/Pub1715web-46541668.pdf$3Texto completo
=856  40$uhttp://www-pub.iaea.org/MTCD/pubcovers/p1715cov-28883229.png$3Tapa
=008  160420s2016####au#a###fsb####000#0#eng#d
=005  20160420093739.0
=003  AR-BCCAB
=942  \\$cBK
