=LDR  00000nam##22000005a#4500

=001  018317
=008  160421s2016####au#a###fsb####000#0#eng#d
=245  00$aModelling nuclear energy systems with message :$ba user's guide$h[recurso electrónico] /$cInternational Atomic Energy Agency.
=260  \\$aVienna :$bIAEA,$c2016.
=300  \\$a126 p. :$bfigs.
=490  0\$aIAEA nuclear energy series ;$vNG-T-5.2,$x19957807
=500  \\$aSTI/PUB/1718.
=500  \\$aTítulo tomado de la versión electrónica (consultado: 21.04.16).
=504  \\$aIncluye referencias bibliográficas.
=520  \\$aAssessing nuclear energy transition scenarios requires appropriate modelling tools. The IAEA tool Model for Energy Supply System Alternatives and their General Environmental Impacts (MESSAGE) is described in this publication. The tool simulates the development of a complete energy system and provides a convenient platform for modelling and analysing nuclear energy systems (NES), as it can efficiently model nuclear technologies with their specific features. Among other things, the tool can help produce a description of an entire NES with time dependent parameters for long-term planning; confirm the feasibility of a NES through correlation and consistency of all NES components, taking into account all constraints and boundary conditions imposed on the system; balance fissile material in a closed fuel cycle and determine fuel cycle requirements. In addition, it assists the user in the choice of alternatives by comparison of different options relating to fuel requirements and volume and toxicity of waste. The publication provides a detailed guidance on how to build mathematical models representing complex nuclear energy systems within the framework of the MESSAGE tool.
=538  \\$aModo de acceso: World Wide Web.
=020  \\$a9789201097156
=710  2\$aInternational Atomic Energy Agency.
=650  \7$aNuclear energy$xMathematical models$2inist
=650  \7$aEnergy policy$2inist
=650  \7$aSystem analysis$2inist
=650  \7$aEnergía nuclear$xModelos matemáticos$2inist
=650  \7$aPolítica energética$2inist
=650  \7$aAnálisis de sistema$2inist
=653  \\$aPower resources
=653  \\$aRecursos de poder
=040  \\$aarbccab$bspa
=856  40$qpdf$s17.35Mb$uhttp://www-pub.iaea.org/MTCD/Publications/PDF/Pub1718%5Fweb.pdf$3Texto completo
=856  40$uhttp://www-pub.iaea.org/MTCD/pubcovers/10861.jpg$3Tapa
=005  20160422102337.0
=003  AR-BCCAB
=942  \\$cBK
