=LDR  00000nam##22000005a#4500

=001  018318
=008  160421s2016####au#a###fsb####000#0#eng#d
=245  00$aDesign of electrical power systems for nuclear power plants$h[recurso electrónico] /$cInternational Atomic Energy Agency.
=260  \\$aVienna :$bIAEA,$c2016.
=300  \\$a120 p. :$bfigs.
=490  0\$aIAEA safety standards series ;$vSSG-34,$x1020525X
=500  \\$aSTI/PUB/1673.
=500  \\$aTítulo tomado de la versión electrónica (consultado: 21.04.16).
=504  \\$aIncluye referencias bibliográficas.
=520  \\$aThis Safety Guide provides recommendations on the necessary characteristics of electrical power systems for nuclear power plants, and of the processes for developing these systems, in order to meet the safety requirements of IAEA Safety Standards Series No. SSR-2/1 (Rev. 1). It reflects the changes that have been made to SSR-2/1, in particular to Requirement 68 on Emergency Power Supply.
=538  \\$aModo de acceso: World Wide Web.
=020  \\$a9789201093141
=710  2\$aInternational Atomic Energy Agency.
=650  \7$aNuclear power plants$xPower supplies$2inist
=650  \7$aPower systems$2inist
=650  \7$aCentrales nucleares$xAlimentación de potencia$2inist
=650  \7$aSistemas de potencia$2inist
=653  \\$aDesign and construction
=653  \\$aDiseño y construcción
=040  \\$aarbccab$bspa
=856  40$qpdf$s2.08Mb$uhttp://www-pub.iaea.org/MTCD/Publications/PDF/Pub1673web-53477409.pdf$3Texto completo
=856  40$uhttp://www-pub.iaea.org/MTCD/pubcovers/p1673cov-94880814.png$3Tapa
=005  20160421102244.0
=003  AR-BCCAB
=942  \\$cBK
