=LDR  00000nam##22000005a#4500

=001  018323
=008  140306s2013####flud###f#b####000#0#eng#d
=245  10$aRadar systems analysis and design using MATLAB /$cBassem R. Mahafza.
=250  \\$a3rd ed.
=260  \\$aBoca Raton :$bCRC/Taylor & Francis,$cc2013.
=300  \\$axxii, 749 p. :$bil. ;$c27 cm.
=504  \\$aIncluye referencias bibliográficas (pp. 735-741) e índice.
=520  \\$aDeveloped from the author's graduate-level courses, the first edition of this book filled the need for a comprehensive, self-contained, and hands-on treatment of radar systems analysis and design. It quickly became a bestseller and was widely adopted by many professors. The second edition built on this successful format by rearranging and updating topics and code. Reorganized, expanded, and updated, Radar Systems Analysis and Design Using MATLAB®, Third Edition continues to help graduate students and engineers understand the many issues involved in radar systems design and analysis. Each chapter includes the mathematical and analytical coverage necessary for obtaining a solid understanding of radar theory. Additionally, MATLAB functions/programs in each chapter further enhance comprehension of the theory and provide a source for establishing radar system design requirements. Incorporating feedback from professors and practicing engineers, the third edition of this bestselling text reflects the state of the art in the field and restructures the material to be more convenient for course use. It includes several new topics and many new end-of-chapter problems. This edition also takes advantage of the new features in the latest version of MATLAB. Updated MATLAB code is available for download on the book's CRC Press web page.
=020  \\$a9781439884959
=100  1\$aMahafza, Bassem R.
=080  \\$a621.396.96
=650  \7$aRadar$2inist
=650  \7$aCalculation Methods$2inist
=650  \7$aSystem analysis$2inist
=650  \7$aData processing$2inist
=650  \7$aMétodos de cálculo$2inist
=650  \7$aAnalisis de sistemas$2inist
=650  \7$aTratamiento de la información$2inist
=690  \\$aIngeniería en Telecomunicaciones
=010  \\$a##2013454779
=016  7\$a016219609$2Uk
=040  \\$aUKMGB$erda$cUKMGB$dOCLCO$dYDXCP$dSCW$dOCLCF$dDLC$darbccab$bspa
=856  41$uhttp://ecx.images-amazon.com/images/I/41pUAaDR7+L.%5FAC%5FUS160%5F.jpg$3Tapa
=856  41$uhttp://campi.cab.cnea.gov.ar/tocs/23128.pdf$3Índice
=005  20160805094659.0
=003  AR-BCCAB
=082  04$a621.3848$223
=942  \\$cBK
=952  \\$2udc$aPOST$bPOST$d20160804$eCiencia y Técnica$g$i20023128$o621.396.96 M277 Ed.3$p20023128$yBK$zFondo de Telecomunicaciones
