=LDR  00000cam##22000007a#4500

=001  018324
=008  120120s2013####njuad##f#b####001#0#eng##
=245  10$aAntenna theory and design /$cWarren L. Stutzman, Gary A. Thiele.
=250  \\$a3rd ed.
=260  \\$aHoboken, NJ :$bWiley,$cc2013.
=300  \\$axviii, 822 p. :$bil. ;$c30 cm.
=504  \\$aIncluye referencias bibliográficas e Índice.
=520  \\$aStutzman's 3rd edition of Antenna Theory and Design provides a more pedagogical approach with a greater emphasis on computational methods. New features include additional modern material to make the text more exciting and relevant to practicing engineers; new chapters on systems, low-profile elements and base station antennas; organizational changes to improve understanding; more details to selected important topics such as microstrip antennas and arrays; and expanded measurements topic
=020  \\$a9780470576649
=100  1\$aStutzman, Warren L.
=700  1\$aThiele, Gary A.
=080  \\$a621.396.67
=650  \7$aAnntenas$2inist
=650  \7$aAntenas$2inist
=653  \\$aComputational methods
=653  \\$aMicrostrips
=653  \\$aAntenna theory
=653  \\$aArrays
=653  \\$aMétodos computacionales
=653  \\$aMatrices
=653  \\$aTeoría de la antena
=690  \\$aIngeniería en Telecomunicaciones.
=010  \\$a##2012001609
=040  \\$aDLC$cDLC$darbccab$bspa
=856  41$uhttp://ecx.images-amazon.com/images/I/51fm+2mtaQL.%5FAC%5FUS160%5F.jpg$3Tapa
=856  41$uhttp://campi.cab.cnea.gov.ar/tocs/23127.pdf$3Índice
=005  20160804134635.0
=003  AR-BCCAB
=942  \\$cBK
=952  \\$2udc$aPOST$bPOST$d20160804$eCiencia y Técnica$g$i20023127$o621.396.67 St98 Ed.3$p20023127$yBK$zFondo de Telecomunicaciones
