=LDR  00000cam##2200000#a#4500

=001  018325
=008  110114s2011####nyud###f#b####001#0#eng#d
=245  10$aEntropy and information theory /$cRobert M. Gray.
=250  \\$a2nd ed.
=260  \\$aNew York :$bSpringer,$cc2011.
=300  \\$axxvii, 409 p. :$bil. ;$c24 cm.
=504  \\$aIncluye referencias bibliográficas (p. 395-403) e índice.
=520  \\$aThis book is an updated version of the information theory classic, first published in 1990. About one-third of the book is devoted to Shannon source and channel coding theorems; the remainder addresses sources, channels, and codes and on information and distortion measures and their properties. New in this edition: Expanded treatment of stationary or sliding-block codes and their relations to traditional block codes Expanded discussion of results from ergodic theory relevant to information theory Expanded treatment of B-processes -- processes formed by stationary coding memoryless sources New material on trading off information and distortion, including the Marton inequality New material on the properties of optimal and asymptotically optimal source codes New material on the relationships of source coding and rate-constrained simulation or modeling of random processes Significant material not covered in other information theory texts includes stationary/sliding-block codes, a geometric view of information theory provided by process distance measures, and general Shannon coding theorems for asymptotic mean stationary sources, which may be neither ergodic nor stationary, and d-bar continuous channels.
=020  \\$a9781441979698
=100  1\$aGray, Robert M.
=080  \\$a621.391
=650  \7$aEntropy$2inist
=650  \7$aInformation theory$2inist
=650  \7$aEntropia$2inist
=650  \7$aTeoría de la información$2inist
=653  \\$aCoding theory
=653  \\$aShannon source
=653  \\$aChannel coding
=653  \\$aInformation sources
=653  \\$aFuente Shannon
=653  \\$aCodificación de canales
=653  \\$aDistorsión
=653  \\$aTeoría de la codificación
=653  \\$aFuentes de información
=690  \\$aIngeniería en Telecomunicaciones
=010  \\$a##2011920808
=016  7\$a015664435$2Uk
=040  \\$aYDXCP$cYDXCP$dCDX$dWTU$dAU@$dUKMGB$dDLC$darbccab$bspa
=856  41$uhttp://ecx.images-amazon.com/images/I/41yZSdOYAqL.%5FAC%5FUS160%5F.jpg$3Tapa
=856  41$uhttp://campi.cab.cnea.gov.ar/tocs/23126.pdf$3Índice
=005  20160804152605.0
=003  AR-BCCAB
=942  \\$cBK
=952  \\$2udc$aPOST$bPOST$d20160804$eCiencia y Técnica$g$i20023126$o621.391 G791 Ed.2$p20023126$yBK$zFondo de Telecomunicaciones
