=LDR  00000cam##22000007a#4500

=001  018326
=008  130821s2015####njuad##f#b####001#0#eng##
=245  10$aPrinciples of communication :$bsystems, modulation, and noise /$cRodger E. Ziemer, University of Colorado at Colorado Springs; William H. Tranter, Virginia Polytechnic Institute and State University.
=250  \\$a7rd ed.
=260  \\$aHoboken, New Jersey :$bJohn Wiley & Sons, Inc.,$cc2015.
=300  \\$ax, 734 pages :$bil. ;$c24 cm.
=504  \\$aIncluye referencias bibliográficas e índice.
=520  \\$aKeeping up to date with the most current technologies in the field is essential for all effective electrical and computer engineers. The updated 7th edition of Principles of Communicatiopresents thens reader with more in-chapter examples, providing for a more supportive framework for learning. Readers are exposed to digital data transmission techniques earlier in the book, so they can appreciate the characteristics of digital communication systems prior to learning about probability and stochastic processes. They will also find expanded forward error correction code examples, and additional MATLAB problems.
=020  \\$a9781118078914
=100  1\$aZiemer, Rodger E.
=700  1\$aTranter, William H.
=080  \\$a621.39
=650  \7$aCommunications$2inist
=650  \7$aNoise$2inist
=650  \7$aData transmission$2inist
=650  \7$aSignals$2inist
=650  \7$aInformation theory$2inist
=650  \7$aComunicaciones$2inist
=650  \7$aRuido$2inist
=650  \7$aTransmisión de datos$2inist
=650  \7$aSeñales$2inist
=650  \7$aTeoría de la información$2inist
=690  \\$aIngeniería en Telecomunicaciones
=010  \\$a##2013034294
=040  \\$aDLC$cDLC$erda$dDLC$darbccab$bspa
=856  41$uhttp://ecx.images-amazon.com/images/I/518mYI-SnrL.%5FAC%5FUS160%5F.jpg$3Tapa
=856  41$uhttp://campi.cab.cnea.gov.ar/tocs/23125.pdf$3Índice
=005  20160804152745.0
=003  AR-BCCAB
=082  00$a621.382/2$223
=942  \\$cBK
=952  \\$2udc$aPOST$bPOST$d20160804$eCiencia y Técnica$g$i20023125$o621.39 Z63 Ed.7$p20023125$yBK$zFondo de Telecomunicaciones
