=LDR  00000cam##2200000#a#4500

=001  018329
=008  070831s2008####maud###f#b####001#0#eng##
=245  10$aDigital communications /$cJohn G. Proakis, Masoud Salehi.
=250  \\$a5th ed.
=260  \\$aBoston :$bMcGraw-Hill,$c2008.
=300  \\$axviii, 1150 p. :$bil. ;$c24 cm.
=504  \\$aIncluye referencias bibliográficas (p. 1109-1141) e índice.
=520  \\$aDigital Communications is a classic book in the area that is designed to be used as a senior or graduate level text. The text is flexible and can easily be used in a one semester course or there is enough depth to cover two semesters. Its comprehensive nature makes it a great book for students to keep for reference in their professional careers. This all-inclusive guide delivers an outstanding introduction to the analysis and design of digital communication systems. Includes expert coverage of new topics: Turbocodes, Turboequalization, Antenna Arrays, Digital Cellular Systems, and Iterative Detection. Convenient, sequential organization begins with a look at the history and classification of channel models and builds from there.
=020  \\$a9780072957167
=100  1\$aProakis, John G.
=700  1\$aSalehi, Masoud.
=080  \\$a621.391.3
=650  \7$aCommunications$2inist
=650  \7$aComunicaciones$2insit
=650  \7$2insit
=653  \\$aTurbocodes
=653  \\$aTurboequalization
=653  \\$aAntenna arrays
=653  \\$aDigital celular systems
=653  \\$aChannel models
=653  \\$aDigital transmission
=653  \\$aDigital communications
=653  \\$aTurbocódigos
=653  \\$aTurboequalización
=653  \\$aSistemas celulares digitales
=653  \\$aModelos de canal
=653  \\$aTrasmisión digital
=653  \\$aComunicaciones digitales
=690  \\$aIngeniería en Telecomunicaciones
=010  \\$a##2007036509
=040  \\$aDLC$cDLC$dDLC$darbccab$bspa
=856  41$uhttp://ecx.images-amazon.com/images/I/51JyDnz5EgL.%5FAC%5FUS160%5F.jpg$3Tapa
=856  41$uhttp://campi.cab.cnea.gov.ar/tocs/23124.pdf$3Índice
=005  20160805092528.0
=003  AR-BCCAB
=082  00$a621.382$222
=942  \\$cBK
=952  \\$2udc$aPOST$bPOST$d20160803$eCiencia y Técnica$g$i20023124$o621.391.3 P940 Ed.5$p20023124$yBK$zFondo de Telecomunicaciones
