=LDR  00000cam##22000004a#4500

=001  018330
=008  100126s2011####njud###f#b####001#0#eng##
=245  10$aDigital design, with RTL design, VHDL, and Verilog /$cFrank Vahid.
=250  \\$a2nd ed.
=260  \\$aHoboken, NJ :$bWiley,$cc2011.
=300  \\$axvi, 575 p. :$bil. ;$c25 cm.
=504  \\$aIncluye índice.
=520  \\$aAn eagerly anticipated, up-to-date guide to essential digital design fundamentals Offering a modern, updated approach to digital design, this much-needed book reviews basic design fundamentals before diving into specific details of design optimization. You begin with an examination of the low-levels of design, noting a clear distinction between design and gate-level minimization. The author then progresses to the key uses of digital design today, and how it is used to build high-performance alternatives to software. Offers a fresh, up-to-date approach to digital design, whereas most literature available is sorely outdated Progresses though low levels of design, making a clear distinction between design and gate-level minimization Addresses the various uses of digital design today Enables you to gain a clearer understanding of applying digital design to your life With this book by your side, you'll gain a better understanding of how to apply the material in the book to real-world scenarios.
=020  \\$a9780470531082
=100  1\$aVahid, Frank.
=080  \\$a681.326
=650  \7$aDigital systems$2inist
=650  \7$aSistemas digitales$2inist
=653  \\$aDigital design
=653  \\$aLogic design
=653  \\$aDiseño lógico
=653  \\$aDiseño digital
=690  \\$aIngeniería en Telecomunicaciones
=010  \\$a##2010000761
=016  7\$a015453131$2Uk
=040  \\$aDLC$cDLC$dBTCTA$dYDXCP$dC#P$dBWX$dCDX$dUKM$dDLC$darbccab$bspa
=856  41$uhttps://images-na.ssl-images-amazon.com/images/I/51JEKC1uRtL.%5FAC%5FUS160%5F.jpg$3Tapa
=856  41$uhttp://campi.cab.cnea.gov.ar/tocs/23111.pdf$3Índice
=005  20160804153627.0
=003  AR-BCCAB
=082  00$a621.39$222
=942  \\$cBK
=952  \\$2udc$aPOST$bPOST$d20160804$eCiencia y Técnica$g$i20023111$o681.326 V181 Ed.2$p20023111$yBK$zFondo de Telecomunicaciones
