=LDR  00000cam##2200000#a#4500

=001  018332
=008  130124s2013####flud###f#bf###001#0#eng##
=245  00$aHandbook of silicon photonics /$cedited by Laurent Vivien and Lorenzo Pavesi.
=260  \\$aBoca Raton, London :$bCRC Press, Taylor & Francis Group,$cc2013.
=300  \\$axvi, 835 p. :$bil. col. ;$c26 cm.
=490  0\$aSeries in optics and optoelectronics
=504  \\$aIncluye referencias bibliográficas (pp. 801-811) e índice.
=520  \\$aThe development of integrated silicon photonic circuits has recently been driven by the Internet and the push for high bandwidth as well as the need to reduce power dissipation induced by high data-rate signal transmission. To reach these goals, efficient passive and active silicon photonic devices, including waveguide, modulators, photodetectors, multiplexers, light sources, and various subsystems, have been developed that take advantage of state-of-the-art silicon technology. Suitable for both specialists and newcomers, Handbook of Silicon Photonics presents a coherent and comprehensive overview of this field from the fundamentals to integrated systems and applications. It covers a broad spectrum of materials and applications, emphasizing passive and active photonic devices, fabrication, integration, and the convergence with CMOS technology. The book's self-contained chapters are written by international experts from academia and various photonics-related industries. The handbook starts with the basics of silicon as an optical material. It then describes the building blocks needed to drive integrated silicon photonic circuits and explains how these building blocks are incorporated in complex photonic/electronic circuits. The book also presents applications of silicon photonics in numerous fields, including biophotonics and photovoltaics. With many illustrations, including some in color, this handbook provides an up-to-date reference to the broad and rapidly changing area of silicon photonics. It shows how basic science and innovative technological applications are pushing the field forward.
=020  \\$a9781439836101
=700  1\$aVivien, Laurent.
=080  \\$a535:621.38
=650  \7$aOptics$2inist
=650  \7$aOptoelectronic devices$2inist
=650  \7$aSilicon$2inist
=650  \7$aPhotodetectors$2inist
=650  \7$aÓptica$2inist
=650  \7$aSilicon Photonics$2inist
=650  \7$aDispositivos optoelectrónicos$2inist
=650  \7$aSilicio$2inist
=650  \7$aPhotodetectores$2inist
=650  \7$aCircuitos fotónicos de silicio$2inist
=690  \\$aIngeniería en Telecomunicaciones
=010  \\$a##2012050941
=040  \\$aDLC$cDLC$erda$dDLC$darbccab$bspa
=856  41$uhttps://images-na.ssl-images-amazon.com/images/I/512git7F57L.%5FAC%5FUS160%5F.jpg$3Tapa
=856  41$uhttp://campi.cab.cnea.gov.ar/tocs/23113.pdf$3Índice
=005  20160726125828.0
=003  AR-BCCAB
=082  00$a621.36/5$223
=942  \\$cBK
=952  \\$2udc$aPOST$bPOST$d20160726$eCiencia y Técnica$g$i20023113$o535:621.38 V838$p20023113$yBK$zFondo de Telecomunicaciones
