=LDR  00000cam##2200000#a#4500

=001  018333
=008  130506s2014####njua###f#b####001#0#eng#d
=245  10$aDigital communication systems /$cSimon Haykin.
=260  \\$aHoboken, N.J. :$bWiley,$cc2014.
=300  \\$axviii; [700 p.] :$bil. ;$c25 cm.
=504  \\$aIncluye referencias bibliográficas e índice.
=520  \\$aOffers the most complete, up-to-date coverage available on the principles of digital communications. Focuses on basic issues, relating theory to practice wherever possible. Numerous examples, worked out in detail, have been included to help the reader develop an intuitive grasp of the theory. Topics covered include the sampling process, digital modulation techniques, error-control coding, robust quantization for pulse-code modulation, coding speech at low bit radio, information theoretic concepts, coding and computer communication. Because the book covers a broad range of topics in digital communications, it should satisfy a variety of backgrounds and interests.
=020  \\$a9780471647355
=100  1\$aHaykin, Simon S.,$d1931-
=080  \\$a621.391.3
=650  \7$aDigital systems$2inist
=650  \7$aSignals$2inist
=650  \7$aStochastic processes$2inist
=650  \7$aCommunications$2inist
=650  \7$aInformation theory$2inist
=650  \7$aSistemas digitales$2inist
=650  \7$aSeñales$2inist
=650  \7$aProcesos estocásticos$2inist
=650  \7$aComunicaciones$2inist
=650  \7$aTeoría de la información$2inist
=653  \\$aDigital communication
=653  \\$aDigital transmision
=653  \\$aComunicación digital
=653  \\$aTransmisión digital
=690  \\$aIngeniería en Telecomunicaciones
=010  \\$a##2012554175
=040  \\$aBWX$cBWX$dOCLCO$dOCLCQ$dUOH$dCDX$dGZS$dYDXCP$dDLC$darbccab$bspa
=856  41$uhttps://images-na.ssl-images-amazon.com/images/I/41ObP75YpdL.%5FAC%5FUS160%5F.jpg$3Tapa
=856  41$uhttp://campi.cab.cnea.gov.ar/tocs/23112.pdf$3Índice
=005  20160726115933.0
=003  AR-BCCAB
=082  00$a004.6$223
=942  \\$cBK
=952  \\$2udc$aPOST$bPOST$d20160726$eCiencia y Técnica$g$i20023112$o621.391.3 H331$p20023112$yBK$zFondo de Telecomunicaciones
