=LDR  00000cam##22000007a#4500

=001  018340
=008  090729s2009####enka###f#b####001#0#eng##
=245  10$aExperimental neutron scattering /$cB.T.M. Willis, C.J. Carlile.
=260  \\$aOxford ;$aNew York :$bOxford University Press,$cc2009.
=300  \\$axii, 325 p. :$bil. ;$c26 cm.
=504  \\$aIncluye referencias bibliográficas e índice.
=520  \\$aThe first systematic experiments in neutron scattering were carried out in the late 1940s using fission reactors built for the nuclear power programme. Crystallographers were amongst the first to exploit the new technique, but they were soon followed by condensed matter physicists and chemists. Engineers and biologists are the most recent recruits to the club of neutron users. The aim of the book is to provide a broad survey of the experimental activities of all these users. There are many specialist monographs describing particular examples of the application of neutron scattering: fourteen of such monographs have been published already in the Oxford University Press series edited by S. Lovesey and E. Mitchell. However this book will appeal to newcomers to the field of neutron scattering, who may be intimidated by the bewildering array of instruments at central facilities (such as the Institut Laue Langevin in France, the ISIS Laboratory in the UK, or the PSI Laboratory in Switzerland), and who may be uncertain as to which instrument to use.
=020  \\$a9780198519706 (hbk.)
=100  1\$aWillis, Bertram. B. T. M.$q(Bertram Terence Martin)
=700  1\$aCarlile, C. J.
=080  \\$a539.171
=650  \7$aNeutron diffraction$2inist
=650  \7$aNeutron spectroscopy$2inist
=650  \7$aInelastic scattering$2inist
=650  \7$aDifracción de neutrones$2inist
=650  \7$aEspectroscopía de neutrones$2inist
=650  \7$aDispersión inelástica$2inist
=010  \\$a##2009280434
=016  7\$a014640507$2Uk
=040  \\$aUKM$cUKM$dBTCTA$dBAKER$dYDXCP$dOCLCG$dBWKUK$dBWK$dCDX$dDLC$bspa$darbccab
=856  41$uhttps://images-na.ssl-images-amazon.com/images/I/51IKLmbLLNL.%5FAC%5FUS160%5F.jpg$3Tapa
=856  41$uhttp://campi.cab.cnea.gov.ar/tocs/23129.pdf$3Índice
=005  20160808111542.0
=003  AR-BCCAB
=082  04$a539.7213$222
=942  \\$cBK
=952  \\$2udc$aPOST$bPOST$d20160808$eAmazon$g$i20023129$o539.171 W679$p20023129$yBK$zPICT 2011-0752 Rodolfo Sánchez
