=LDR  00000cam##22000007a#4500

=001  018341
=008  080528s2008####enkad##f#b####001#0#eng##
=245  10$aApplications of neutron powder diffraction /$cErich H. Kisi, Christopher J. Howard.
=260  \\$aOxford ;$aNew York :$bOxford University Press,$cc2008.
=300  \\$axvii, 486 p. :$bil. ;$c24 cm.
=490  0\$aOxford series on neutron scattering in condensed matter ;$v15
=504  \\$aIncluye referencias bibliográficas e índice.
=520  \\$aThis is the first book covering the theory, practicalities, and the extensive applications of neutron powder diffraction in materials science, physics, chemistry, mineralogy and engineering. Various highlight applications of neutron powder diffraction are outlined in the introduction, then the theory is developed and instrumentation described sufficient for a return to the applications. The book covers the use of neutron powder diffraction in the solution (hard) and refinement (more straightforward) of crystal and magnetic structures, applications of powder diffraction in quantitative phase analysis, extraction of microstructural information from powder diffraction patterns, and the applications of neutron diffraction in studies of elastic properties and for the measurement of residual stress. Additional theory to underpin these various applications is developed as required. Much of the material should be accessible to senior undergraduates in science and engineering, as well as to graduate students and more senior researchers with an interest in the technique.
=020  \\$a9780198515944
=100  1\$aKisi, Erich H.
=700  1\$aHoward, Christopher J.
=080  \\$a539.125.5
=650  \7$aNeutrons$2inist
=650  \7$aPowders$2inist
=650  \7$aNeutron diffraction$2inist
=650  \7$aCrystal structure$2inist
=650  \7$aNeutrones$2inist
=650  \7$aPolvos$2inist
=650  \7$aDisfracción de neutrones$2inist
=650  \7$aEstructura cristalina$2inist
=653  \\$aNuclear Powder diffraction
=653  \\$aMagnetic structure
=653  \\$aDifracción de polvo de neutrones
=653  \\$aEstructura magnética
=010  \\$a##2008023527
=040  \\$aDLC$cDLC$dYDXCP$dBTCTA$dBAKER$dBWKUK$dBWK$dBWX$dCDX$dDLC$bspa$darbccab
=856  41$uhttps://images-na.ssl-images-amazon.com/images/I/41laBJ8p2hL.%5FAC%5FUS160%5F.jpg$3Tapa
=856  41$uhttp://campi.cab.cnea.gov.ar/tocs/23130.pdf$3Índice
=005  20160808121501.0
=003  AR-BCCAB
=082  00$a548/.83$222
=942  \\$cBK
=952  \\$2udc$aPOST$bPOST$d20160808$eAmazon$g$i20023130$o539.125.5 K642 V.15 Vol.15$p20023130$yBK$zPICT 2011-0752 Rodolfo Sánchez
