=LDR  00000cam##2200000#a#4500

=001  018346
=008  160811s2015####ag#d###f#b####001#0#spa#d
=245  10$aCiencia en dictadura: trayectorias, agendas de investigación y políticas represivas en Argentina /$cCecilia Gargano (Comp.).
=260  \\$aBuenos Aires :$bINTA,$cc2015.
=300  \\$a164p. :$bil. ;$c28 cm.
=504  \\$aIncluye referencias bibliográficas e índice.
=520  \\$aEl período comprendido por la última y más traumática dictadura militar (1976-1983) que tuvo la Argentina ha sido analizado en forma creciente desde variados y valiosos enfoques. El crecimiento, cuantitativo y cualitativo, de estas indagaciones ha consolidado un campo de estudio en torno de la historia reciente. Mientras que la cuestión científica y tecnolgógica se encuentra prácticamente ausente en los trabajos centrados en la historia argentina reciente, la dimensión histórica ligada al período comprendido por la última dictadura aparece en los estudios sociales de la ciencia de modo fragmentario. Es a estas problemáticas que este libro busca contribuir, a través de diversos estudios de caso, que recuperan trayectorias institucionales, académicas, políticas, de investigación, en diferentes ámbitos. ¿Cuál fue la situación del complejo científico y tecnológico argentino durante la última dictadura militar? ¿Qué ocurrió durante la intervención de los organismos de ciencia y técnica con la orientación de las investigaciones? ¿Cómo dialogaron estas transformaciones con los cambios económicos, políticos y sociales en curso? ¿Qué continuidades, y qué rupturas, son posibles identificar en la producción de conocimiento y en las políticas científicas? ¿Qué similitudes y qué particularidades pueden observarse en las distintas trayectorias institucionales y áreas de investigación? Estos son algunos de los interrogantes a partir de los que se origina esta producción colectiva. Al mismo tiempo, lejos de presentar un conjunto cerrado de afirmaciones, los trabajos reunidos en este libro presentan realidades y miradas diversas, y buscan generar nuevos cuestionamientos que contribuyan a profundizar y ampliar esta incipiente línea de investigación.
=020  \\$a9789875216617
=700  1\$aGárgano, Cecilia.$4com
=650  \7$aScience and state$2lemb
=650  \7$aScientific personnel$2inist
=650  \7$aCiencia y estado$2lemb
=650  \7$aPersonal científico$2lemb
=653  \\$aArgentina history
=653  \\$aMilitary dictatorship
=653  \\$aScientific development
=653  \\$aHistoria argentina
=653  \\$aDictadura militar
=653  \\$aDesarrollo científico
=040  \\$aarbccab$bspa
=856  41$uhttp://campi.cab.cnea.gov.ar/tocs/23146.pdf$3Índice
=005  20160812161636.0
=003  AR-BCCAB
=942  \\$cBK
=952  \\$2udc$aPOST$bPOST$i20023146$o001:321.64 G869$p20023146$yBK
