=LDR  00000nam##22000005a#4500

=001  018374
=008  890512s19891969nyuaf####b####001#0#eng##
=245  10$aAtomic physics /$cMax Born ; from the original translation of John Dougall ; revised by R.J. Blin-Stoyle and J.M. Radcliffe.
=250  \\$a8th ed.
=260  \\$aNew York :$bDover Publications,$cc1989.
=300  \\$axiv, 505 p. :$bil. ;$c22 cm.
=490  0\$aDover books on physics and chemistry
=500  \\$aTraducción de: Moderne Physik.
=500  \\$aReprint. Originally published: 8th ed. London : Blackie, 1969.
=504  \\$aIncluye referencias bibliograficas (p. 477-481) e indice.
=520  \\$aFirst published in English in 1935, this classic treatment is well known to students and teachers of physics around the world. Since its original publication, Professor Born (Nobel laureate, 1954) continually updated the book to incorporate new developments in all branches of physics, particularly in the field of elementary particles. For this eighth edition he also wrote a new chapter on the quantum theory of solids. Contents include: Kinetic theory of gases Elementary particles Spin of the electron and Paul's principle The nuclear atom Wave-corpuscles Atomic structure and spectral lines Quantum statistics Molecular structure Quantum theory of solids Nuclear physics Over 40 helpful appendixes, dealing with the mean square deviation, theory of relativity, electron theory, the Compton effect, Hamiltonian theory and action variables, atomic form factor, meson theory, van der Waals forces, and other topics supplement the main text. A bibliography and numerous figures and graphs further enhance the usefulness of Atomic Physics, which retains its value as a broad treatment of basic physics from the special perspective of a towering figure in the field.
=020  \\$a0486659844
=100  1\$aBorn, Max,$d1882-1970.
=700  1\$aDougall, John.
=700  1\$aBlin-Stoyle, R. J.$q(Roger John)
=700  1\$aRadcliffe, J. M.
=080  \\$a539.18
=650  \7$aAtomic physics$2inist
=650  \7$aAtoms$2inist
=650  \7$aElementary particles$2inist
=650  \7$aMolecular structure$2inist
=650  \7$aFísica atómica$2inist
=650  \7$aÁtomos$2inist
=650  \7$aFísica nuclear$2inist
=650  \7$aPartículas elementales$2inist
=650  \7$aEstructura molecular$2inist
=010  \\$a###89012033#
=040  \\$aDLC$cDLC$dDLC$darbccab$bspa
=041  1\$aeng$hger
=856  42$uhttps://images-na.ssl-images-amazon.com/images/I/41jSOIZZskL.%5FSX310%5FBO1,204,203,200%5F.jpg$3Tapa
=856  41$uhttp://campi.cab.cnea.gov.ar/tocs/23178.pdf$3Indice
=005  20161019115154.0
=003  AR-BCCAB
=082  00$a539.7$220
=942  \\$cBK
=952  \\$2udc$aPOST$bPOST$i20023178$o539.18 B645 Ed.8$p20023178$yBK
