=LDR  00000pam##2200000#a#4500

=001  018375
=008  720919s1958####xx#d###f#b####001#0#eng##
=245  14$aThe theory of the properties of metals and alloys /$cby N. F. Mott and H. Jones.
=260  \\$aNew York :$bDover Publications,$c1958.
=300  \\$a326 p. :$bil. ;$c22 cm.
=504  \\$aIncluye referencias bibliográficas.
=520  \\$aIn this work the authors use quantum methods to develop mathematical models which account for the properties of pure metals and alloys. In particular, they show how crystal structure, magnetic susceptibility, electrical and optical properties, and fundamental chemical phenomena are related.
=100  1\$aMott, N. F.$q(Nevill Francis),$cSir,$d1905-
=700  1\$aJones, H.
=080  \\$a669.018
=650  \7$aMetals$2inist
=650  \7$aAlloys$2inist
=650  \7$aElectrons$2inist
=650  \7$aMetales$2inist
=650  \7$aAleaciones$2inist
=650  \7$aElectrones$2inist
=010  \\$a###58011279#
=040  \\$aDLC$cOFiC$dODaWU$dOCoLC$dDLC$bspa$darbccab
=856  41$uhttps://images-na.ssl-images-amazon.com/images/I/51AIk+ZyUjL.%5FAC%5FUS160%5F.jpg$3Tapa
=856  41$uhttp://campi.cab.cnea.gov.ar/tocs/23182.pdf$3Indice
=005  20161025160217.0
=003  AR-BCCAB
=082  0\$a620.18
=942  \\$cBK
=952  \\$2udc$aPOST$bPOST$eDonación del Dr. Francisco de la Cruz$i20023182$o669.018 M858 1958$p20023182$yBK$zReimpresión 1958.
