=LDR  00000cam##22000001a#4500

=001  018376
=008  060802s2004####njud###f#b####001#0#eng#c
=245  10$aSuperconductivity /$cV.L. Ginzburg, E.A. Andryushin.
=250  \\$aRev. ed.
=260  \\$aHackensack, NJ :$bWorld Scientific,$cc2004.
=300  \\$axi, 92 p. :$bil. (some col.) ;$c22 cm.
=504  \\$aIncluye referencia bibliograficas (p. 91-92).
=520  \\$aWhat is superconductivity? How was it discovered? What are the properties of superconductors, how are they applied now, and how are they likely to become widely used in the near future? These are just some of the questions which this important book sets out to answer. Starting with the discovery of superconductivity over ninety years ago, the book guides the readers through the many years of subsequent exploration, right up to the latest sensational findings.Written in a lively, nontechnical style, this book makes ideal background reading for any school or college level study of superconductivity. The authors, who are leading authorities in the field, paint detailed pictures of the phenomena involved without mathematical formalism, appealing instead to physical intuition.
=020  \\$a981238913X
=020  \\$a9789812389138
=100  1\$aGinzburg, V. L.$q(Vitaliæi Lazarevich),$d1916-2009.
=700  1\$aAndryushin, E. A.,$d1951-
=080  \\$a537.312.62
=084  \\$a33.74$2bcl
=650  \7$aSuperconductivity$2inist
=650  \7$aSuperconductividad$2inist
=010  \\$a##2006296819
=040  \\$aBUF$cBUF$dOCLCQ$dMUQ$dUMC$dBAKER$dNLGGC$dDLC$darbccab$bspa
=050  00$aQC611.92$b.G56 2004
=856  41$uhttps://images-na.ssl-images-amazon.com/images/I/41AEPND8DYL.%5FSX319%5FBO1,204,203,200%5F.jpg$yTapa
=856  41$uhttp://campi.cab.cnea.gov.ar/tocs/23188.pdf$yIndice
=005  20161026154137.0
=003  AR-BCCAB
=082  00$a537.6/23$222
=942  \\$cBK
=952  \\$2udc$aPOST$bPOST$i20023188$o537.312.62 G435$p20023188$yBK
