=LDR  00000cam##22000004a#4500

=001  018378
=008  040407s2004####gw#d###f#b####001#0#eng#c
=245  00$aSolid state physics of finite systems :$bmetal clusters, fullerenes, atomic wires /$cR.A. Broglia ... [et al.].
=260  \\$aBerlin ;$aNew York :$bSpringer,$cc2004.
=300  \\$axi, 234 p. :$bil. ;$c24 cm.
=490  0\$aAdvanced texts in physics ;$v1439-2674
=504  \\$aIncludes bibliographical references (p. [223]-229) and index.
=520  \\$aQuantum mechanics is the set of laws of physics which, to the best of our knowledge, provides a complete account of the microworld. One of its chap­ ters, quantum electrodynamics (QED), is able to account for the quantal phenomena of relevance to daily life (electricity, light, liquids and solids, etc.) with great accuracy. The language of QED, field theory, has proved to be uni­ versal providing the theoretical basis to describe the behaviour of many-body systems. In particular finite many-body systems (FMBS) like atomic nuclei, metal clusters, fullerenes, atomic wires, etc. That is, systems made out of a small number of components. The properties of FMBS are expected to be quite different from those of bulk matter, being strongly conditioned by quantal size effects and by the dynamical properties of the surface of these systems. The study of the elec­ tronic and of the collective behaviour (plasmons and phonons) of FMBS and of their interweaving, making use of well established first principle quantum (field theoretical) techniques, is the main subject of the present monograph. The interest for the study of FMBS was clearly stated by Feynman in his address to the American Physical Society with the title "There is plenty of room at the bottom". On this occasion he said among other things: "When we get to the very, very small world - say circuits of seven atoms - we have a lot of new things that would happen that represent completely new opportunities for design" [1].
=020  \\$a3540210350 (acid-free paper)
=100  1\$aBroglia, R. A.
=700  1\$aColo, G.
=700  1\$aOnida, G.
=700  1\$aRoman, H.E.
=080  \\$a539.2
=650  \7$aSolid state physics$2inist
=650  \7$aFísica del estado sólido$2inist
=650  \0$aChemistry, Physical and theoretical
=010  \\$a##2004105249
=016  7\$a970930763$2GyFmDB
=016  7\$a012966885$2Uk
=040  \\$aOHX$cOHX$dAZS$dUKM$dDLC$darbccab$bspa
=050  00$aQC176$b.S618 2004
=856  41$uhttps://images-na.ssl-images-amazon.com/images/I/514fRDoGnHL.%5FSX314%5FBO1,204,203,200%5F.jpg$3Tapa
=856  41$3Indice$uhttp://campi.cab.cnea.gov.ar/tocs/23190.pdf
=005  20161026125514.0
=003  AR-BCCAB
=942  \\$cBK
=952  \\$2udc$aPOST$bPOST$i20023190$o539.2 B786$p20023190$yBK
