=LDR  00000cam##22000004a#4500

=001  018379
=008  721207s1973####nyud###f#b####001#0#eng##
=245  10$aDiv, grad, curl, and all that ;$ban informal text on vector calculus /$c[by] H. M. Schey.
=250  \\$a[1st ed.].
=260  \\$aNew York :$bNorton,$c1973.
=300  \\$ax, 163 p. :$bil. ;$c24 cm.
=504  \\$aBibliografía: p. 159-160.
=520  \\$aWidely renowned for its clear and concise coverage of vector calculus, helping science and engineering students gain a thorough understanding of gradient, curl, and Laplacian operators without required knowledge of advanced mathematics.
=020  \\$a0393093670
=100  1\$aSchey, H. M.$q(Harry Moritz),$d1930-
=080  \\$a514.742
=650  \7$aVector analysis$2Lemb
=650  \7$aAnálisis vectorial$2Lemb
=010  \\$a###72013436#
=040  \\$aDLC$cDLC$dDLC$bspa$darbccab
=050  00$aQA261$b.S318 1973
=856  41$uhttps://images-na.ssl-images-amazon.com/images/I/41LYH%2Be-VgL.%5FSX284%5FBO1,204,203,200%5F.jpg$yTapa
=856  41$uhttp://campi.cab.cnea.gov.ar/tocs/23191.pdf$yIndice
=005  20161026142703.0
=003  AR-BCCAB
=082  00$a515/.63
=942  \\$cBK
=952  \\$2udc$aPOST$bPOST$i20023191$o514.742 Sch29$p20023191$yBK
