=LDR  00000cam##2200000#a#4500

=001  018380
=008  921030s1994####enkad##f#b####001#0#eng##
=245  10$aOscillations in finite quantum systems /$cG.F. Bertsch, R.A. Broglia.
=260  \\$aCambridge [England] ;$aNew York :$bCambridge University Press,$c1994.
=300  \\$axii, 212 p. :$bil. ;$c24 cm.
=490  0\$aCambridge monographs on mathematical physics
=504  \\$aIncludes bibliographical references (p. 205-208) and index.
=520  \\$aThis book surveys the physics of small clusters of particles undergoing oscillations and vibrations. These oscillations occur in nuclear physics and the physics and chemistry of atomic clusters. First, the authors survey experimental information on collective vibrations in atoms, metal clusters and nuclei, then they develop theoretical tools to understand these findings. Finally, they discuss important vibrational modes observed in the different systems and mechanisms for the damping of vibrational modes and the effects of excitation energy on the modes.
=020  \\$a0521411483 (hardback)
=100  1\$aBertsch, George F.
=700  1\$aBroglia, R. A.
=080  \\$a530.145
=650  \7$aMany-body problem$2inist
=650  \7$aOscillations$2inist
=650  \7$aAtoms$2inist
=650  \7$aNuclear physics$2inist
=650  \7$aProblema multicuerpos$2inist
=650  \7$aOscilaciones$2inist
=650  \7$aAtomos$2inist
=650  \7$aFísica nuclear$2inist
=010  \\$a###92040596#
=040  \\$aDLC$cDLC$dDLC$darbccab$bspa
=050  00$aQC174.17.P7$bB458 1994
=856  41$uhttps://images-na.ssl-images-amazon.com/images/I/41KF9P89JBL.%5FSX331%5FBO1,204,203,200%5F.jpg$3Tapa
=856  42$uhttp://campi.cab.cnea.gov.ar/tocs/23196.pdf$3Indice
=005  20161027153836.0
=003  AR-BCCAB
=082  00$a530.1/44$220
=942  \\$cBK
=952  \\$2udc$aPOST$bPOST$i20023196$o530.145 B462$p20023196$yBK
