=LDR  00000pam##2200000#a#4500

=001  018382
=008  990429s2000####nyud###f#b####001#0#eng##
=245  10$aApplied project management :$bbest practices on implementation /$cHarold Kerzner.
=260  \\$aNew York :$bWiley,$cc2000.
=300  \\$axvii, 534 p. :$bil. (some col.) ;$c24 cm.
=500  \\$aIncludes index.
=520  \\$aPutting project management to work-best practices for achieving excellence. Harold Kerzner's landmark Project Management has long been the reference of choice for outstanding coverage of the basic principles and concepts of project management. Now this book takes the next step-converting theory into practice to address the application and implementation of project management in the real world. Informed by Harold Kerzner's extensive original research and accessible approach, it is essential reading for today's and tomorrow's professionals involved in project management. Features include: * Commentaries from managers at leading corporations who share their decision-making processes-including the successes and mistakes-for project management implementation * Twenty-five case studies highlighting crucial project management issues, problems, and solutions * Helpful end-of-chapter learning aids, including questions and puzzles
=020  \\$a0471363529
=100  1\$aKerzner, Harold.
=080  \\$a65.01
=650  \0$aProject management
=653  \\$aGestión de proyectos
=010  \\$a###99015785#
=040  \\$aDLC$cDLC$dDLC$darbccab$bspa
=050  00$aHD69.P75$bK467 2000
=856  41$uhttps://images-na.ssl-images-amazon.com/images/I/51MwMXLoNQL.%5FSX391%5FBO1,204,203,200%5F.jpg$3Tapa
=856  41$uhttp://campi.cab.cnea.gov.ar/tocs/23217.pdf$3Indice
=005  20161109124326.0
=003  AR-BCCAB
=082  00$a658.4/04$221
=942  \\$cBK
=952  \\$2udc$aPOST$bPOST$eDr. Arturo Bevilacqua$i20023217$o65.01 K479$p20023217$yBK$zUnidad de Coordinación de Proyectos de Residuos Radiactivos. Proyectos de Investigación y Desarrollo para la Gestión del Combustible Gastado y Residuos de Alta Actividad
