=LDR  00000cam##22000004a#4500

=001  018383
=008  000322s2001####nyud###f#b####001#0#eng##
=245  10$aProject management :$ba systems approach to planning, scheduling, and controlling /$cby Harold Kerzner.
=250  \\$a7th ed.
=260  \\$aNew York :$bJohn Wiley,$cc2001.
=300  \\$axx, 1203 p. :$bil. (some col.), maps ;$c24 cm.
=504  \\$aIncludes bibliographical references and indexes.
=520  \\$a"This classic guide enables you to learn from the successes and failures of leading companies, explore new cost control and risk management techniques . . . and obtain the information needed to study for the PMI Certification exam." --The Design-Build Institute of America "This book is more like an encyclopedia of project management than simply a textbook . . . Once you've been through this text, it will become a well-used reference on your bookshelf. Somewhere inside, Dr. Kerzner has addressed at least a portion of whatever you're looking for." --Dr. Don Shanfelt, PMP E-Commerce PM for WorldCom, and adjunct IT professor in Colorado Springs Project management at its best--a banner edition of the landmark reference This latest edition of the bestselling "bible" of project management brings outstanding coverage of the basic principles and concepts of project management right up to date with the latest developments in the field. Written by one of the best-known and respected authorities on the subject, it is essential reading for today's and tomorrow's professionals involved in project management. It covers every key aspect of the subject, from the intricate framework of organizational behavior and structure that can determine project success to the planning, scheduling, and controlling processes vital to effective project management. New features include: Up-to-date coverage of global project management, the project management maturity model, "six sigma", and conflict resolution modes Dozens of real-world case studies and hundreds of sample problems across a wide range of industrie
=020  \\$a0471393428 (cloth : alk. paper)
=100  1\$aKerzner, Harold.
=080  \\$a65.01
=650  \0$aProject management
=653  \\$aGestión de proyectos
=010  \\$a###00036802#
=040  \\$aDLC$cDLC$dDLC$darbccab$bspa
=050  00$aHD69.P75$bK47 2001
=856  41$uhttps://images-na.ssl-images-amazon.com/images/I/51WhAD75hrL.%5FSX376%5FBO1,204,203,200%5F.jpg$3Tapa
=856  41$uhttp://campi.cab.cnea.gov.ar/tocs/23218.pdf$3Indice
=005  20161109125744.0
=003  AR-BCCAB
=082  00$a658.4/04$221
=942  \\$cBK
=952  \\$2udc$aPOST$bPOST$eDr. Arturo Bevilacqua$i20023218$o65.01 K479 Ed.7$p20023218$yBK$zUnidad de Coordinación de Proyectos de Residuos Radiactivos. Proyectos de Investigación y Desarrollo para la Gestión del Combustible Gastado y Residuos de Alta Actividad
