=LDR  00000cam##22000004a#4500

=001  018387
=008  150909s2017####nyud###f#b####001#0#eng##
=245  10$aFundamentals of electric circuits /$cCharles K. Alexander, Department of Electrical and Computer Engineering, Cleveland State University, Matthew N. O. Sadiku, Department of Electrical Engineering, Prairie View A&M University.
=250  \\$aSixth edition.
=264  \0$aNew York, NY :$bMcGraw-hill Education,$cc2017
=300  \\$a903 p. :$bil. ;$c27 cm.
=500  \\$aIncludes index.
=504  \\$aIncluye referencias bibliograficas e índice al final.
=520  \\$aFundamentals of Electric Circuits continues in the spirit of its successful previous editions, with the objective of presenting circuit analysis in a manner that is clearer, more interesting, and easier to understand than other, more traditional texts. Students are introduced to the sound, six-step problem solving methodology in chapter one, and are consistently made to apply and practice these steps in practice problems and homework problems throughout the text. A balance of theory, worked & extended examples, practice problems, and real-world applications, combined with over 468 new or changed homework problems complete this edition. Robust media offerings, renders this text to be the most comprehensive and student-friendly approach to linear circuit analysis out there. This book retains the "Design a Problem" feature which helps students develop their design skills by having the student develop the question, as well as the solution. There are over 100 "Design a Problem" exercises integrated into problem sets in the book. McGraw-Hill Education's Connect, is also available as an optional, add on item. Connect is the only integrated learning system that empowers students by continuously adapting to deliver precisely what they need, when they need it, how they need it, so that class time is more effective. Connect allows the professor to assign homework, quizzes, and tests easily and automatically grades and records the scores of the student's work. Problems are randomized to prevent sharing of answers an may also have a "multi-step solution" which helps move the students' learning along if they experience difficulty.
=020  \\$a9780078028229 (alk. paper)
=020  \\$a0078028221 (alk. paper)
=100  1\$aAlexander, Charles K.
=700  1\$aSadiku, Matthew N. O.
=080  \\$a621.37
=650  \0$aElectric circuits
=650  \0$aCircuitos eléctricos
=690  \\$aIngeniería en Telecomunicaciones
=010  \\$a##2015035301
=040  \\$aDLC$beng$cDLC$erda$darbccab
=050  00$aTK454$b.A452 2017
=856  41$uhttps://images-na.ssl-images-amazon.com/images/I/41LS10cqVML.%5FSX388%5FBO1,204,203,200%5F.jpg$3Tapa
=856  41$uhttp://campi.cab.cnea.gov.ar/tocs/23224.pdf$3Indice
=005  20161125152136.0
=003  AR-BCCAB
=082  00$a621.3815$223
=942  \\$cBK
=952  \\$2udc$aPOST$bPOST$d20161125$eCiencia y Técnica$g$i20023224$o621.37 Al261 Ed.6$p20023224$yBK
