=LDR  00000cam##22000008a#4500

=001  018397
=008  140210s2014####ja#d###f#b####001#0#eng#d
=245  10$aNuclear reactor design /$cYoshiaki Oka, editor.
=264  \0$aTokyo :$bSpringer,$cc2014.
=300  \\$axiii, 327 pages :$bil. ;$c25 cm.
=490  1\$aAn advanced course in nuclear engineering,$x2195-3708
=500  \\$a"Original Japanese edition : Genshiryoku Kyokasho: Genshiro Sekkei. Edited by Yoshiaki Oka, copyright 2010. Published by Ohmsha, Ltd.".
=504  \\$aIncludes bibliographical references and index.
=520  \\$aThis book focuses on core design and methods for design and analysis. It is based on advances made in nuclear power utilization and computational methods over the past 40 years, covering core design of boiling water reactors and pressurized water reactors, as well as fast reactors and high-temperature gas-cooled reactors. The objectives of this book are to help graduate and advanced undergraduate students to understand core design and analysis, and to serve as a background reference for engineers actively working in light water reactors. Methodologies for core design and analysis, together with physical descriptions, are emphasized. The book also covers coupled thermal hydraulic core calculations, plant dynamics, and safety analysis, allowing readers to understand core design in relation to plant control and safety.
=020  \\$a9784431548980 (e-book)
=020  \\$a9784431548973
=130  0\$aGenshiryoku Kyokasho: Genshiro Sekkei.$lEnglish.
=700  1\$aOka, Yoshiaki.
=830  \0$aAdvanced course in nuclear engineering.
=080  \\$a621.039.53
=650  \7$aReactors$2inist
=650  \7$aReactores$2inist
=653  \\$aReactors design
=653  \\$aDiseño de reactores
=690  \\$aMaestría en Ingeniería$bCálculo y análisis de reactores
=010  \\$a##2014932983
=016  7\$a016658570$2Uk
=040  \\$aYDXCP$beng$cYDXCP$erda$dBTCTA$dUKMGB$dCDX$dOCLCQ$dTEU$dOCLCO$dIXA$dDLC$darbccab
=050  00$aTK9202$b.G4613 2014
=856  41$uhttps://images-na.ssl-images-amazon.com/images/I/51h56FHkWIL.%5FSX330%5FBO1,204,203,200%5F.jpg$3Tapa
=856  41$uhttp://campi.cab.cnea.gov.ar/tocs/23239.pdf$3Indice
=005  20161205120001.0
=003  AR-BCCAB
=082  04$a621.5
=942  \\$cBK
=952  \\$2udc$aPOST$bPOST$d20161205$eCiencia y Técnica$g$i20023239$o621.039.53 Ok1$p20023239$yBK
