=LDR  00000cam##22000007a#4500

=001  018398
=008  091228s2010####ne#d###f#b####001#0#eng##
=245  10$aNuclear computational science :$ba century in review /$cYousry Azmy, Enrico Sartori.
=260  \\$aDordrecht :$bSpringer,$cc2010.
=300  \\$axv, 470 p. :$bil. ;$c24 cm.
=504  \\$aIncludes bibliographical references and index.
=520  \\$aNuclear engineering has undergone extensive progress over the years. In the past century, colossal developments have been made and with specific reference to the mathematical theory and computational science underlying this discipline, advances in areas such as high-order discretization methods, Krylov Methods and Iteration Acceleration have steadily grown. Nuclear Computational Science: A Century in Review addresses these topics and many more; topics which hold special ties to the first half of the century, and topics focused around the unique combination of nuclear engineering, computational science and mathematical theory. Comprising eight chapters, Nuclear Computational Science: A Century in Review incorporates a number of carefully selected issues representing a variety of problems, providing the reader with a wealth of information in both a clear and concise manner. The comprehensive nature of the coverage and the stature of the contributing authors combine to make this a unique landmark publication. Targeting the medium to advanced level academic, this book will appeal to researchers and students with an interest in the progression of mathematical theory and its application to nuclear computational science.
=020  \\$a9789048134106 (alk. paper)
=020  \\$a9789048134113 (e-book)
=100  1\$aAzmy, Yousry.
=700  1\$aSartori, Enrico.
=080  \\$a621.039
=650  \7$aNuclear engineering$2inist
=650  \7$aIngeniería nuclear$2inist
=010  \\$a##2009944067
=016  7\$a015362380$2Uk
=040  \\$aUKM$cUKM$dHKP$dVRC$dDLC$darbccab$bspa
=050  00$aTK9145$b.A96 2010
=856  41$uhttps://images-na.ssl-images-amazon.com/images/I/41-g14xQjPL.%5FSX349%5FBO1,204,203,200%5F.jpg$3Tapa
=856  41$uhttp://campi.cab.cnea.gov.ar/tocs/23240.pdf$3Indice
=005  20161205130919.0
=003  AR-BCCAB
=082  04$a621.480285$222
=942  \\$cBK
=952  \\$2udc$aPOST$bPOST$d20161205$eCiencia y Técnica$g$i20023240$o621.039 Az49$p20023240$yBK
