=LDR  00000cam##22000007a#4500

=001  018417
=008  140719s2014####njud###f#b####001#0#eng##
=245  00$aScanning transmission electron microscopy of nanomaterials :$bbasics of imaging and analysis /$c[edited by] Nobuo Tanaka, Nagoya University, Japan.
=264  \0$aHackensack, NJ :$bImperial College Press,$cc2015.
=300  \\$axxxiii, 571 pages :$billustrations (some color) ;$c24 cm.
=504  \\$aIncludes bibliographical references and index.
=520  \\$aThe basics, present status and future prospects of high-resolution scanning transmission electron microscopy (STEM) are described in the form of a textbook for advanced undergraduates and graduate students. This volume covers recent achievements in the field of STEM obtained with advanced technologies such as spherical aberration correction, monochromator, high-sensitivity electron energy loss spectroscopy and the software of image mapping. The future prospects chapter also deals with z-slice imaging and confocal STEM for 3D analysis of nanostructured materials. Readership: Graduate students and researchers in the field of nanomaterials and nanostructures.
=020  \\$a9781848167896 (hardcover : alk. paper)
=700  1\$aTanaka, Nobuo,$d1949-
=080  \\$a537.533.35
=650  \0$aScanning transmission electron microscopy
=650  \0$aNanostructured materials
=650  \7$aElectron microscopy$2inist
=650  \7$aMicroscopía electrónica$2inist
=650  \4$aMicroscopía electrónica por barrido
=010  \\$a##2014028461
=040  \\$aDLC$beng$cDLC$erda$dDLC$darbccab
=050  00$aQH212.S34$bS23 2014
=856  41$uhttps://images-na.ssl-images-amazon.com/images/I/41ZCtgvOsXL.%5FSX337%5FBO1,204,203,200%5F.jpg$3Tapa
=856  41$uhttp://campi.cab.cnea.gov.ar/tocs/23262.pdf$3Indice
=005  20161110110722.0
=003  AR-BCCAB
=082  00$a502.8/25$223
=942  \\$cBK
=952  \\$2udc$aPOST$bPOST$d20161110$g$i20023262$o537.533.35 T153$p20023262$yBK$zLibro comprados con el subsidio: PICT 2012-0884 Titular: Dr. Marcos Sade
