=LDR  00000cam##2200000#a#4500

=001  018427
=008  161114s1948####xx#d###f#b####001#0#und#d
=245  10$aLa naturaleza de la teoría física /$cP.W Bridgman.
=260  \\$aArgentina :$bIbero - Americana,$c[c1948].
=300  \\$a187 p. ;$c23 cm.
=500  \\$aP. W. Bridgman premio Nobel de Física 1946.
=520  \\$aThis fascinating non-technical study of modern scientific theory offers many unusual insights into the problem of correlating reality with various theoretical structures set up during the past fifty years. While pointing out numerous absurdities of science, it analyzes the inability of various physical theories to supply answers to all questions, but credits these theories nonetheless with rendering real service inside a limited frame of reference.
=534  \\$pTítulo original en inglés: The nature of physical theory.
=100  1\$aBridgman, P.W.
=080  \\$a53
=650  \7$aPhysics$2inist
=650  \7$aFísica$2inist
=040  \\$aarbccab$bspa
=856  41$uhttp://campi.cab.cnea.gov.ar/tocs/23280.pdf$3Indice
=005  20161117153153.0
=003  AR-BCCAB
=942  \\$cBK
=952  \\$2udc$aPOST$bPOST$i20023280$o53 B764$p20023280$yBK
