=LDR  00000nam##22000005a#4500

=001  018440
=008  860606s1986####nyud###f#b####001#0#eng##
=245  10$aIntroduction to radiological physics and radiation dosimetry /$cFrank Herbert Attix.
=260  \\$aNew York :$bWiley,$cc1986.
=300  \\$axxi, 607 p. :$bil. ;$c24 cm.
=500  \\$a"A Wiley-Interscience publication."
=504  \\$aBibliografía: p. 506-524.
=500  \\$aIncludes index.
=520  \\$aA straightforward presentation of the broad concepts underlying radiological physics and radiation dosimetry for the graduate-level student. Covers photon and neutron attenuation, radiation and charged particle equilibrium, interactions of photons and charged particles with matter, radiotherapy dosimetry, as well as photographic, calorimetric, chemical, and thermoluminescence dosimetry. Includes many new derivations, such as Kramers X-ray spectrum, as well as topics that have not been thoroughly analyzed in other texts, such as broad-beam attenuation and geometrics, and the reciprocity theorem. Subjects are layed out in a logical sequence, making the topics easier for students to follow. Supplemented with numerous diagrams and tables.
=020  \\$a9780471011460
=100  1\$aAttix, Frank H.
=650  \0$aMedical physics
=650  \7$aRadiation dosimetry$2inist
=650  \7$aDosimetria de la radiación$2inist
=650  \7$aIonization chambers$2inist
=650  \7$aCámaras de ionización$2inist
=650  \7$aIonizing radiation$2inist
=650  \7$aRadiaciones ionizantes$2inist
=653  \\$aRadiological physics
=690  \\$aMaestría en Física Médica
=010  \\$a###86013222#
=040  \\$aDLC$cDLC$dDLC$bspa$darbccab
=050  00$aR895$b.A84 1986
=856  41$3Tapa$uhttps://images-na.ssl-images-amazon.com/images/I/41UqlPSdjQL.%5FSX352%5FBO1,204,203,200%5F.jpg
=856  41$3Indice$uhttp://campi.cab.cnea.gov.ar/tocs/23296.pdf
=005  20161220110224.0
=003  AR-BCCAB
=082  00$a612/.01448$219
=942  \\$cBK
=952  \\$2udc$aPOST$bPOST$d2016-11-15$g$i20023296$o615.849(075.8) At84$p20023296$yBK
