=LDR  00000pam##2200000#a#4500

=001  018444
=008  161220i19771981xx#d###f#b####000#0#eng#d
=245  10$aPublicaciones 1978 - 2016 /$cJavier Luzuriaga.
=260  \\$c1978-2016.
=520  \\$aEn la mayor parte de su carrera científica, Javier ha trabajado en temas relacionados con el fenómeno de la superconductividad en distintos tipos de materiales y fue esa experiencia lo que lo llevó a incursionar en temas más complejos como los que se presentan en los medios superfluidos. (Dr. Julián Sereni)
=080  \\$a(045)53
=040  \\$aarbccab$bspa
=856  41$uhttp://campi.cab.cnea.gov.ar/opacmarc/cgi-bin/wxis?IsisScript=/xis/opac.xis&task=BIB-RECORD&db=Falicov&cn=014200$3Registro de la tesis de Doctor
=856  41$uhttp://campi.cab.cnea.gov.ar/tocs/23299a.pdf$3Alguito sobre Javier...
=005  20161220142615.0
=003  AR-BCCAB
=942  \\$cBK
=952  \\$2udc$aPOST$bPOST$i20023299$o(045)53 L979$p20023299$yBK
