=LDR  00000nam##22000005a#4500

=001  018445
=008  160129t20162016enkd###f######001#0#eng#c
=245  10$aCosmic rays and particle physics /$cThomas K. Gaisser, University of Delaware, Ralph Engel, Karlsruhe Institute of Technology, Elisa Resconi, Technical University Munich.
=250  \\$aSecond edition.
=264  \0$aCambridge :$bCambridge University Press,$c2016.
=300  \\$axiv, 444 pages :$billustrations ;$c26 cm.
=520  \\$aFully updated for the second edition, this book introduces the growing and dynamic field of particle astrophysics. It provides an overview of high-energy nuclei, photons and neutrinos, including their origins, their propagation in the cosmos, their detection on Earth and their relation to each other. Coverage is expanded to include new content on high energy physics, the propagation of protons and nuclei in cosmic background radiation, neutrino astronomy, high-energy and ultra-high-energy cosmic rays, sources and acceleration mechanisms, and atmospheric muons and neutrinos. Readers are able to master the fundamentals of particle astrophysics within the context of the most recent developments in the field. This book will benefit graduate students and established researchers alike, equipping them with the knowledge and tools needed to design and interpret their own experiments and, ultimately, to address a number of questions concerning the nature and origins of cosmic particles that have arisen in recent research.
=020  \\$a9780521016469 (hbk.)
=020  \\$a0521016460
=100  1\$aGaisser, Thomas K.,$eauthor.
=700  1\$aEngel, Ralph,$d1965-$eauthor.
=700  1\$aResconi, Elisa,$d1971-$eauthor.
=080  \\$a524.1
=650  \0$aCosmic rays.
=650  \0$aParticles (Nuclear physics)
=650  \0$aNuclear astrophysics.
=650  \7$aAstrophysics$2inist
=650  \7$aCosmic radiation$2inist
=650  \7$aHigh energy physics$2inist
=650  \7$aAcceleration$2inist
=650  \7$aAstrofísica$2inist
=650  \7$aRadiación cósmica$2inist
=650  \7$aFísica de altas energías
=650  \7$aAceleración$2inist
=653  \\$aParticle astrophysics
=653  \\$aAstrofísica de partículas
=010  \\$a##2016003557
=040  \\$aOU/DLC$beng$cOU$erda$dDLC
=050  00$aQC485$b.G27 2016
=856  42$3Tapa$uhttps://images-na.ssl-images-amazon.com/images/I/51HwAU8S57L.%5FSX348%5FBO1,204,203,200%5F.jpg
=856  42$3Indice$uhttp://campi.cab.cnea.gov.ar/tocs/23301.pdf
=005  20180222130548.0
=003  AR-BCCAB
=082  00$a523.01/97223$223
=942  \\$cBK
=952  \\$2udc$aPOST$bPOST$d2017-02-03$eM & A$g$i20023301$o524.1 G129 Ed.2$p20023301$yBK
