=LDR  00000cam##2200000#a#4500

=001  018447
=008  021031s2003####njud###f#b####001#0#eng##
=245  10$aHigh-speed signal propagation :$badvanced black magic /$cHoward Johnson, Martin Graham.
=260  \\$aUpper Saddle River, NJ :$bPrentice Hall/PTR,$cc2003.
=300  \\$axxx, 766 p. :$bil. ;$c24 cm.
=504  \\$aIncluye refencias bibliográficas e índice.
=520  \\$aHigh-Speed Signal Propagation: Advanced Black Magic brings together state-of-the-art techniques for building digital devices that can transmit faster and farther than ever before. Dr. Howard Johnson presents brand-new examples and design guidance, and a complete, unified theory of signal propagation for all metallic media. Coverage includes: understanding signal impairments; managing speed/distance tradeoffs; differential signaling; inter-cabinet connections; clock distribution; simulation, and much more.
=020  \\$a013084408x
=020  \\$a9780130844088
=100  1\$aJohnson, Howard W.
=700  1\$aGraham, Martin,$d1926-
=080  \\$a621.391
=650  \7$aSimulation$2inist
=650  \7$aSimulación$2inist
=653  \\$aTelecomunications
=653  \\$aSignal processing
=653  \\$aDigital devices
=653  \\$aTelecomunicaciones
=653  \\$aProceso de señales
=653  \\$aDispositivos digitales
=010  \\$a##2002041041
=040  \\$aDLC$cDLC$dDLC$darbccab$bspa
=856  41$uhttps://images-na.ssl-images-amazon.com/images/I/51QTCA1SG4L.%5FSX357%5FBO1,204,203,200%5F.jpg$3Tapa
=856  41$uhttp://campi.cab.cnea.gov.ar/tocs/23302.pdf$3Indice
=005  20180222130000.0
=003  AR-BCCAB
=942  \\$cBK
=952  \\$2udc$aPOST$bPOST$d17-02-03$eM & A$g$i20023302$o621.391 J630$p20023302$yBK
