=LDR  00000cam##22000004a#4500

=001  018449
=008  950303s1995####ne#ad##f#b####001#0#eng##
=245  10$aSolid-state imaging with charge-coupled devices /$cby Albert J.P. Theuwissen.
=260  \\$aDordrecht ;$aBoston :$bKluwer Academic Publishers,$cc1995.
=300  \\$axxvii, 388 p. :$bil. ;$c25 cm.
=490  0\$aSolid-state science and technology library ;$vv. 1
=504  \\$aIncluye referencias bibliográficas (p. [367]-380) e índice.
=520  \\$aSolid-State Imaging with Charge-Coupled Devices covers the complete imaging chain: from the CCD's fundamentals to the applications. The book is divided into four main parts: the first deals with the basics of the charge-coupled devices in general. The second explains the imaging concepts in close relation to the classical television application. Part three goes into detail on new developments in the solid-state imaging world (light sensitivity, noise, device architectures), and part four rounds off the discussion with a variety of applications and the imager technology. The book is a reference work intended for all who deal with one or more aspects of solid- state imaging: the educational, scientific and industrial world. Graduates, undergraduates, engineers and technicians interested in the physics of solid-state imagers will find the answers to their imaging questions. Since each chapter concludes with a short section `Worth Memorizing', reading this short summary allows readers to continue their reading without missing the main message from the previous section.
=020  \\$a0792334566 (acid-free paper)
=020  \\$a9789048145430
=020  \\$a9780306471193
=100  1\$aTheuwissen, Albert J. P.
=080  \\$a621.397
=650  \7$aCharge-coupled devices$2inist
=650  \7$aDispositivos de cargas acopladas$2inist
=653  \\$aImaging systems
=653  \\$aSistema de imagen
=010  \\$a###95011945#
=040  \\$aDLC$cDLC$dDLC$darbccab$bspa
=856  41$uhttp://campi.cab.cnea.gov.ar/tocs/tapas/23305.jpg$3Tapa
=856  41$uhttp://campi.cab.cnea.gov.ar/tocs/23305.pdf$3Indice
=005  20180222130333.0
=003  AR-BCCAB
=942  \\$cBK
=952  \\$2udc$aPOST$bPOST$d2017-02-03$eM & A$g$i20023305$o621.397 T344$p20023305$yBK
