=LDR  00000pam##2200000#a#4500

=001  018450
=008  011101s20021981nyud###f#b####001#0deng##
=245  10$aGreat scientific experiments :$btwenty experiments that changed our view of the world /$cRom Harré.
=260  \\$aMineola, N.Y. :$bDover Publications,$cc2002.
=300  \\$a222 p. :$bil. ;$c24 cm.
=500  \\$a"This Dover edition ... is an unabridged republication of the work originally published by Phaidon Press Limited, Oxford, England, in 1981"--T.p. verso.
=504  \\$aIncluye referencias bibliográficas (p. [221]-222) e índice.
=520  \\$aThese vividly recounted tales of human skill and ingenuity offer fascinating views of the correlation between theories, practical inquiries, ideas, and facts. Re-created strictly on the basis of the original publication in which the results were first announced, the scrupulously accurate retellings of 20 groundbreaking scientific experiments are complemented with rare photos and illustrations. Based on such criteria as fame, historical importance, elegance, and economy of method, the experiments include Aristotle's work on the embryology of the chick, Galileo's discovery of the law of descent, Newton's experiment on the nature of colors, Lavoisier's proof of the oxygen hypothesis, William Beaumont's work on the process of digestion, Faraday's demonstration of the identity of all forms of electricity, J. J. Thompson's discovery of the electron, Michelson and Morely's demonstration of the impossibility of detecting the motion of the earth, and a dozen others. Each experiment is appraised and analyzed in the light of subsequent developments, placing the work within the context of the history of science. In addition to diagrams and photographs of the experimental method and apparatus, brief biographies and portraits of the scientist appear as well. Rom Harré is a Fellow Emeritus of Linacre College, Oxford, and an Adjunct Professor at Georgetown University and American University, Washington, D.C.
=020  \\$a0486422631 (pbk.)
=100  1\$aHarré, Rom.
=080  \\$a53(091)
=650  \0$aScience$xMethodology$vCase studies
=650  \0$aScience$xExperiments$xPhilosophy
=650  \0$aScience$xHistory$xSources
=650  \0$aScientists$vBiography
=653  \\$aHistory of science
=653  \\$aHistoria de la ciencia
=010  \\$a##2001055288
=040  \\$aDLC$cDLC$dDLC$bspa$darbccab
=050  00$aQ182.3$b.H37 2002
=856  41$uhttps://images-na.ssl-images-amazon.com/images/I/51-WKG6UeRL.%5FSX350%5FBO1,204,203,200%5F.jpg$3Tapa
=856  41$uhttp://campi.cab.cnea.gov.ar/tocs/23306.pdf$3Indice
=005  20170320163239.0
=003  AR-BCCAB
=082  00$a507/.2$221
=942  \\$cBK
=952  \\$2udc$aPOST$bPOST$d2016-12-14$i20023306$o53(091) H235$p20023306$yBK
