=LDR  00000cam##22000004a#4500

=001  018454
=008  031029s2004####coud###f#b####001#0#eng##
=245  14$aThe quest for consciousness :$ba neurobiological approach /$cChristof Koch.
=260  \\$aDenver, Colo. :$bRoberts and Co.,$cc2004.
=300  \\$axviii, 429 p. :$bil. ;$c26 cm.
=504  \\$aIncluye referencias bibliográficas e índice.
=520  \\$aConsciousness is the major unsolved problem in biology. How do what philosophers call 'qualia', the redness of red and painfulness of pain, arise from the concerted actions of nerve cells and their associated synaptic and molecular processes? Can such feelings be explained by modern science, or is some quite different kind of explanation needed? And how can this seemingly intractable problem be approached experimentally? Written by a world-renowned scientist as an introduction to the field and drawing upon clinical, psychological, and physiological observations, this book seeks answers to these questions within a neuroscientific framework; that is, how do the operations of the conscious mind emerge out of the specific interactions of myriads of neurons? Contents: 1. Introduction to the study of consciousness; 2. Neurons, the atoms of perception; 3. The first steps in seeing; 4. The primary visual cortex as a prototypical neocortical area; 5. What are the Neuronal Correlates of Consciousness?; 6. The Neuronal Correlates of Consciousness are not the primary visual cortex; 7. The architecture of the cerebral cortex; 8. Going beyond the primary visual cortex; 9. Attention and consciousness; 10. The neuronal underpinnings of attention; 11. Memories and consciousness; 12. What can you do without being conscious: The zombie within; 13. Agnosia, blindsight, epilepsy and sleep walking: clinical evidence for zombies; 14. Some speculations on the function of consciousness; 15. On time and consciousness; 16. When the mind flips; 17. Splitting the brain splits consciousness; 18. Further speculation on thoughts and the nonconscious homunculus; 19. A framework for consciousness; 20. An interview; Glossary; Bibliography; Index.
=020  \\$a0974707708 (hardcover)
=100  1\$aKoch, Christof,$d1956-
=080  \\$a159.922
=650  \0$aConsciousness$xPhysiological aspects.
=650  \0$aNeurobiology$xResearch.
=650  \7$aNeurology$2inist
=650  \7$aNerve cells$2inist
=650  \7$aNeurología$2inist
=650  \7$aCélulas nerviosas$2inist
=010  \\$a##2003023807
=040  \\$aDLC$darbccab$bspa$cDLC$dDLC
=856  41$uhttps://images-na.ssl-images-amazon.com/images/I/51XS0K2POwL.%5FSX352%5FBO1,204,203,200%5F.jpg$3Tapa
=856  41$uhttp://campi.cab.cnea.gov.ar/tocs/23317.pdf$3Indice
=005  20170717134208.0
=003  AR-BCCAB
=942  \\$cBK
=952  \\$2udc$aPOST$bPOST$dbre -ie-Di$i20023317$o159.922 K811$p20023317$yBK
