=LDR  00000cam##22000004a#4500

=001  018461
=008  170309s2010####xx#d###f#b####001#0#und#d
=245  10$aThe hydrogen society :$bmore than just a vision? /$cArno A. Evers.
=250  \\$a1ra ed.
=260  \\$aErscheinungsdatum :$bOberkrämer : Hydrogeit-Verl,$cc2010.
=300  \\$a167 p. :$bil. ;$c21 cm.
=520  \\$aThis book, which is consistently illustrated with photos and graphics, is addressed in particular to readers who dismiss the conventional energy system, as it is existing now. Evers referred to his target audience as The Concerned Citizens. This group is getting bigger, but is still lacking noncomitted information. This book was written with the goal to remedy this. Evers said: We want to reach and motivate young people in particular, as their future commitment to the realization of hydrogen society is indispensable. The book is also addressed to all hydrogen and fuel cell insiders, who want to find neutral unbiased information. It is written in English, with the title: The Hydrogen Society ... more than just a Vision? and raises the question of the future of Hydrogen and Fuel Cells technology, leading eventually to a Hydrogen Society.
=020  \\$a9783937863313
=100  1\$aEvers, Arno A.
=080  \\$a662.769.2
=650  \7$aHydrogen$2inist
=650  \7$aFuel cells$2inist
=650  \7$aHidrógeno$2inist
=650  \7$aCelulas de combustible$2inist
=040  \\$aarbccab$bspa
=856  41$uhttps://images-na.ssl-images-amazon.com/images/I/51w3ZIoZwfL.%5FSY444%5FBO1,204,203,200%5F.jpg$3Tapa
=856  41$uhttp://campi.cab.cnea.gov.ar/tocs/23326.pdf$3Indice
=005  20170705150225.0
=003  AR-BCCAB
=942  \\$cBK
=952  \\$2udc$aPOST$bPOST$i20023326$o662.769.2 Ev273$p20023326$yBK
