=LDR  00000nam##22000005a#4500

=001  018503
=008  100818s2010####enkd###f#b####001#0#eng##
=245  10$aMeasurements and their uncertainties :$ba practical guide to modern error analysis /$cIfan G. Hughes, Thomas P.A. Hase.
=260  \\$aOxford :$bNew York :$bOxford University Press,$cc2010.
=300  \\$axiii, 136 p. :$bil. ;$c25 cm.
=500  \\$aColección CARLOS FAINSTEIN.
=504  \\$aIncluye referencias bibliográficas (p. [131]-132) e index.
=520  \\$aThis hands-on guide is primarily intended to be used in undergraduate laboratories in the physical sciences and engineering. It assumes no prior knowledge of statistics. It introduces the necessary concepts where needed, with key points illustrated with worked examples and graphic illustrations. In contrast to traditional mathematical treatments it uses a combination of spreadsheet and calculus-based approaches, suitable as a quick and easy on-the-spot reference. The emphasis throughout is on practical strategies to be adopted in the laboratory. Error analysis is introduced at a level accessible to school leavers, and carried through to research level. Error calculation and propagation is presented though a series of rules-of-thumb, look-up tables and approaches amenable to computer analysis. The general approach uses the chi-square statistic extensively. Particular attention is given to hypothesis testing and extraction of parameters and their uncertainties by fitting mathematical models to experimental data. Routines implemented by most contemporary data analysis packages are analysed and explained. The book finishes with a discussion of advanced fitting strategies and an introduction to Bayesian analysis.
=020  \\$a0199566321 (hbk.)
=020  \\$a9780199566334 (pbk.)
=020  \\$a019956633X (pbk.)
=100  1\$aHughes, Ifan G.,$d1968-
=700  1\$aHase, Thomas P. A.
=080  \\$a519.25
=650  \0$aError analysis (Mathematics)
=010  \\$a##2010281028
=016  7\$a015510608$2Uk
=040  \\$aUKM$cUKM$dYDXCP$dBWK$dDLC$bspa$darbccab
=050  00$aQA275$b.H845 2010
=856  41$uhttps://images-na.ssl-images-amazon.com/images/I/51W-llD3skL.%5FSX381%5FBO1,204,203,200%5F.jpg$3Tapa
=856  \\$uhttp://campi.cab.cnea.gov.ar/tocs/23367.pdf$yIndice
=005  20170322174231.0
=003  AR-BCCAB
=942  \\$cBK
=952  \\$2udc$aPOST$bPOST$d20170322$g$i20023367$o519.25 H874$p20023367$yBK
