=LDR  00000cam##22000004a#4500

=001  018504
=008  141201s2015####flud###f#b####001#0#eng##
=245  10$aMeasurement & detection of radiation /$cNicholas Tsoulfanidis, Sheldon Landsberger.
=250  \\$a4th ed.
=264  \0$aBoca Raton :$bCRC Press, Taylor & Francis Group,$cc2015
=300  \\$axxix, 576 pages :$billustrations (some color) ;$c27 cm.
=500  \\$aColección CARLOS FAINSTEIN.
=504  \\$aIncluye referencias bibliográficas e índice.
=520  \\$aA Sound Introduction to Radiation Detection and Measurement for Newcomers to Nuclear Science and Engineering Since the publication of the bestselling third edition, there have been advances in the field of radiation detection, most notably in practical applications. Incorporating these important developments, Measurement and Detection of Radiation, Fourth Edition provides the most up-to-date and accessible introduction to radiation detector materials, systems, and applications. New to the Fourth Edition New chapters on nuclear forensics and nuclear medicine instrumentation, covering basic principles and applications as well as open-ended problems that encourage more in-depth research Updated references and bibliographies New and expanded problems As useful to students and nuclear professionals as its popular predecessors, this fourth edition continues to carefully explain the latest radiation detector technology and measurement techniques. It also discusses the correct ways to perform measurements and analyze results following current health physics procedures.
=020  \\$a9781482215496 (hardcover : acid-free paper)
=100  1\$aTsoulfanidis, Nicholas,$d1938-
=700  1\$aLandsberger, Sheldon.
=246  3\$aMeasurement and detection of radiation
=080  \\$a539.12.08
=650  \0$aRadiation$xMeasurement
=650  \7$aRadiation detection$2inist
=650  \7$aDetección de la radiación$2inist
=653  \\$aNuclear medicine instrumentation
=653  \\$aInstrumentación de la medicina nuclear
=653  \\$aMeasurement
=653  \\$aMedicina forense nuclear
=653  \\$aMedición
=010  \\$a##2014043093
=040  \\$aDLC$beng$cDLC$erda$dDLC
=050  00$aQC795.42$b.T78 2015
=856  41$uhttps://images-na.ssl-images-amazon.com/images/I/51V6DsW9INL.%5FSX398%5FBO1,204,203,200%5F.jpg$3Tapa
=856  41$uhttp://campi.cab.cnea.gov.ar/tocs/23368.pdf$3Indice
=005  20170322180835.0
=003  AR-BCCAB
=082  00$a539.7/7$223
=942  \\$cBK
=952  \\$2udc$aPOST$bPOST$d20170322$g$i20023368$o539.12.08 T789 Ed.4$p20023368$yBK
