=LDR  00000cam##2200000#a#4500

=001  018505
=008  110730s2011####flud###f#b####001#0#eng##
=245  10$aExperimental techniques in materials and mechanics /$cC. Suryanarayana.
=260  \\$aBoca Raton :$bCRC Press,$cc2011.
=300  \\$axvii, 450 p. :$bil. ;$c25 cm.
=500  \\$aColección CARLOS FAINSTEIN.
=504  \\$aIncluye referencias bibliográficas e índice.
=520  \\$aExperimental Techniques in Materials and Mechanics provides a detailed yet easy-to-follow treatment of various techniques useful for characterizing the structure and mechanical properties of materials. With an emphasis on techniques most commonly used in laboratories, the book enables students to understand practical aspects of the methods and derive the maximum possible information from the experimental results obtained. The text focuses on crystal structure determination, optical and scanning electron microscopy, phase diagrams and heat treatment, and different types of mechanical testing methods. Each chapter follows a similar format: Discusses the importance of each technique Presents the necessary theoretical and background details Clarifies concepts with numerous worked-out examples Provides a detailed description of the experiment to be conducted and how the data could be tabulated and interpreted Includes a large number of illustrations, figures, and micrographs Contains a wealth of exercises and references for further reading Bridging the gap between lecture and lab, this text gives students hands-on experience using mechanical engineering and materials science/engineering techniques for determining the structure and properties of materials. After completing the book, students will be able to confidently perform experiments in the lab and extract valuable data from the experimental results.
=020  \\$a9781439819043 (hardcover : alk. paper)
=020  \\$a1439819041 (hardcover : alk. paper)
=100  1\$aSuryanarayana, C.
=080  \\$a620.17
=650  \7$aMaterials$2inist
=650  \7$2inist
=650  \7$aMechanical properties$2inist
=650  \7$aMateriales$2inist
=650  \7$aPropiedades mecánicas$2inist
=010  \\$a##2011026917
=040  \\$aDLC$cDLC$dCDX$dYDXCP$dC#P$dDLC$bspa$darbccab
=050  00$aTA404.8$b.S87 2011
=856  41$uhttps://images-na.ssl-images-amazon.com/images/I/51HO6cXilaL.%5FSX311%5FBO1,204,203,200%5F.jpg$3Tapa
=856  41$uhttp://campi.cab.cnea.gov.ar/tocs/23369.pdf$3Indice
=005  20170322165132.0
=003  AR-BCCAB
=082  00$a620.1/12$223
=942  \\$cBK
=952  \\$2udc$aPOST$bPOST$d2017-03-09$g$i20023369$o620.17 Su799$p20023369$yBK
