=LDR  00000cam##22000004a#4500

=001  018511
=008  060327s2006####enkd###f#b####001#0#eng##
=245  10$aExperimental techniques for low-temperature measurements :$bcryostat design, material properties, and superconductor critical-current testing /$cJack W. Ekin.
=260  \\$aOxford ;$aNew York :$bOxford University Press,$cc2006.
=300  \\$axxviii, 673 p. :$bil. ;$c26 cm.
=500  \\$aColección Dr. CARLOS FAINSTEIN.
=520  \\$aThis book presents a highly integrated, step-by-step approach to the design and construction of low-temperature measurement apparatus. It is effectively two books in one: A textbook on cryostat design techniques and an appendix data handbook that provides materials-property data for carrying out that design. The main text encompasses a wide range of information, written for specialists, without leaving beginning students behind. After summarizing cooling methods, Part I provides core information in an accessible style on techniques for cryostat design and fabrication - including heat-transfer design, selection of materials, construction, wiring, and thermometry, accompanied by many graphs, data, and clear examples. Part II gives a practical user's perspective of sample mounting techniques and contact technology. Part III applies the information from Parts I and II to the measurement and analysis of superconductor critical currents, including in-depth measurement techniques and the latest developments in data analysis and scaling theory. The appendix is a ready reference handbook for cryostat design, encompassing seventy tables compiled from the contributions of experts and over fifty years of literature.
=504  \\$aIncludes bibliographical references and index.
=020  \\$a0198570546 (alk. paper)
=020  \\$a9780198570547 (alk. paper)
=100  1\$aEkin, J. W.
=080  \\$a536.48
=650  \7$aSuperconductors$2inist
=650  \7$aCryostats$2inist
=650  \7$aSuperconductores$2inist
=650  \7$aCriostatos$2inist
=650  \0$aLow temperatures$xMeasurement.
=650  \0$aLow temperatures$xInstruments.
=650  \0$aLow temperature research.
=010  \\$a##2006010332
=016  7\$a013442448$2Uk
=040  \\$aDLC$cDLC$dBAKER$dBWKUK$dYDXCP$dOCLCQ$dYUS$dUKM$dIXA$dDLC$bspa$darbccab
=856  41$uhttps://images-na.ssl-images-amazon.com/images/I/51tGmxSO5TL.%5FSX367%5FBO1,204,203,200%5F.jpg$3Tapa
=856  41$uhttp://campi.cab.cnea.gov.ar/tocs/23375.pdf$3Indice
=005  20170516135233.0
=003  AR-BCCAB
=082  00$a536/.54$222
=942  \\$cBK
=952  \\$2udc$aPOST$bPOST$d2017-03-07$g$i20023375$o536.48 Ek34$p20023375$yBK
