=LDR  00000cam##22000004a#4500

=001  018515
=008  900329s1985####nyud###f#b####001#0#eng##
=245  14$aExperiments in physics :$ba laboratory manual for scientists and engineers /$cDaryl W. Preston.
=260  \\$aNew York :$bWiley,$cc1985.
=300  \\$aviii, 272 p. :$bil. ;$c28 cm.
=504  \\$aIncludes bibliographical references and index.
=520  \\$aExperiments in Physics is for a calculus-based, introductory physics course. It consists of an introduction followed by thirty-two experiments. The experiments follow the order of topics in traditional texts: mechanics, heat, electricity, magnetism, optics and modern physics. Each experiment is divided into four major sections: APPARATUS: A List of equipment; INTRODUCTION: A partial development of the appropriate theoretical concepts; OUTCOMES: A list of the primary objectives; EXPERIMENT: Directions for the experimental procedure with questions included. Many of the experiments have optional parts which consist of measurements, qualitative observations, and/or calculations. The introduction contains six sections: objectives of the physics laboratory; laboratory notebook; error analysis; significant figures; graphical analysis; responsibility of the experimentalist.
=500  \\$aColección CARLOS FAINSTEIN.
=020  \\$a0471805718
=100  1\$aPreston, Daryl W.
=080  \\$a53.05
=650  \7$aCalculus$2inist
=650  \7$aMechanics$2inist
=650  \7$aElectricity$2inist
=650  \7$aMagnetism$2inist
=650  \7$aHeat$2inist
=650  \7$aOptics$2inist
=650  \7$aCálculos$2inist
=650  \7$aMecánica$2inist
=650  \7$aElectricidad$2inist
=650  \7$aMagnetismo$2inist
=650  \7$aCalor$2inist
=650  \7$aÓptica$2inist
=650  \4$aPhysics$xLaboratory manuals
=040  \\$bspa$darbccab
=856  41$uhttps://images-na.ssl-images-amazon.com/images/I/418d3KCIz-L.%5FSX388%5FBO1,204,203,200%5F.jpg$3Tapa
=856  41$uhttp://campi.cab.cnea.gov.ar/tocs/23379.pdf$3Indice
=005  20170516142156.0
=003  AR-BCCAB
=942  \\$cBK
=952  \\$2udc$aPOST$bPOST$d2017-03-07$g$i20023379$o53.05 P926$p20023379$yBK
