=LDR  00000pam##2200000#a#4500

=001  018516
=008  130930s2013####nyud###f#b####000#0#eng##
=245  10$aHistory of artificial cold, scientific, technological and cultural issues /$cKostas Gavroglu.
=264  \0$aNew York :$bSpringer,$cc2014.
=300  \\$axii, 288 p. :$bil. ;$c24 cm.
=500  \\$aColección Dr. CARLOS FAINSTEIN.
=504  \\$aIncludes bibliographical references and index.
=520  \\$aThe history of artificial cold has been a rather intriguing interdisciplinary subject (physics, chemistry, technology, sociology, economics, anthropology, consumer studies) which despite some excellent monographs and research papers, has not been systematically exploited. It is a subject with all kinds of scientific, technological as well as cultural dimensions. For example, the common home refrigerator has brought about unimaginably deep changes to our everyday lives changing drastically eating habits and shopping mentalities. From the end of the 19th century to the beginning of the 21st, issues related to the production and exploitation of artificial cold have never stopped to provide us with an incredibly interesting set of phenomena, novel theoretical explanations, amazing possibilities concerning technological applications and all encompassing cultural repercussions. The discovery of the unexpected and "bizarre" phenomena of superconductivity and superfluidity, the necessity to incorporate macroscopic quantum phenomena to the framework of quantum mechanics, the discovery of Bose-Einstein condensation and high temperature superconductivity, the use of superconducting magnets for high energy particle accelerators, the construction of new computer hardware, the extensive applications of cryomedicine, and the multi billion industry of frozen foods, are some of the more dramatic instances in the history of artificial cold.
=020  \\$a9789400771987
=100  1\$aGavroglu, Kostas.
=080  \\$a536.421.48
=653  \\$aArtificial cold
=653  \\$aHistory
=653  \\$aFrío artificial
=653  \\$aHistoria
=040  \\$aDLC$beng$cDLC$erda$dDLC$darbccab
=856  41$uhttps://images-na.ssl-images-amazon.com/images/I/51%2BrGSrnMXL.%5FSX330%5FBO1,204,203,200%5F.jpg$3Tapa
=856  41$uhttp://campi.cab.cnea.gov.ar/tocs/23380.pdf$3Indice
=005  20170516154521.0
=003  AR-BCCAB
=942  \\$cBK
=952  \\$2udc$aPOST$bPOST$d20170516$g$i20023380$o536.421.48 G247$p20023380$yBK
