=LDR  00000cam##22000005a#4500

=001  018517
=008  070814s2008####njud###f#b####001#0#eng##
=245  00$aDigital communications test and measurement :$bhigh-speed physical layer characterization /$cDennis Derickson and Marcus Müller, editors.
=260  \\$aUpper Saddle River, NJ :$bPrentice Hall,$cc2008.
=300  \\$axxxiii, 935 p. :$bil. ;$c25 cm.
=490  1\$aPrentice Hall modern semiconductor design series
=500  \\$aColección Dr. CARLOS FAINSTEIN.
=520  \\$aA Comprehensive Guide to Physical Layer Test and Measurement of Digital Communication Links Today's new data communication and computer interconnection systems run at unprecedented speeds, presenting new challenges not only in the design, but also in troubleshooting, test, and measurement. This book assembles contributions from practitioners at top test and measurement companies, component manufacturers,and universities. It brings together information that has never been broadly accessible before--information that was previously buried in application notes, seminar and conference presentations, short courses, and unpublished works. Readers will gain a thorough understanding of the inner workings of digital high-speed systems, and learn how the different aspects of such systems can be tested. The editors and contributors cover key areas in test and measurement of transmitters (digital waveform and jitter analysis and bit error ratio), receivers (sensitivity, jitter tolerance, and PLL/CDR characterization), and high-speed channel characterization (in time and frequency domain). Extensive illustrations are provided throughout. Coverage includes Signal integrity from a measurement point of view Digital waveform analysis using high bandwidth real-time and sampling (equivalent time) oscilloscopes Bit error ratio measurements for both electrical and optical links Extensive coverage on the topic of jitter in high-speed networks State-of-the-art optical sampling techniques for analysis of 100 Gbit/s + signals Receiver characterization: clock recovery, phase locked loops, jitter tolerance and transfer functions, sensitivity testing, and stressed-waveform receiver testing Channel and system characterization: TDR/T and frequency domain-based alternatives Testing and measuring PC architecture communication links: PCIexpress, SATA, and FB DIMM
=504  \\$aIncludes bibliographical references and index.
=020  \\$a9780132209106 (hardcover : alk. paper)
=020  \\$a0132209101 (hardcover : alk. paper)
=020  \\$a9780133359480
=700  1\$aDerickson, Dennis.
=700  1\$aMüller, Marcus.
=830  \0$aPrentice Hall modern semiconductor design series.$pPrentice Hall signal integrity library.
=080  \\$a621.391.3
=650  \7$aData transmission$2inist
=650  \7$aTransmisión de datos$2inist
=650  \0$aSignal integrity (Electronics)
=653  \\$aDigital comunication
=653  \\$aComunicación digital
=010  \\$a##2007033849
=040  \\$aDLC$cDLC$dBTCTA$dBAKER$dYDXCP$dC#P$dDLC$bspa$darbccab
=856  41$uhttp://campi.cab.cnea.gov.ar/tocs/23381.pdf$3Indice
=856  41$uhttps://images-na.ssl-images-amazon.com/images/I/51LsgDA8aDL.%5FSX369%5FBO1,204,203,200%5F.jpg$3Tapa
=005  20190313135328.0
=003  AR-BCCAB
=082  00$a621.382$222
=942  \\$cBK
=952  \\$2udc$aPOST$bPOST$d2016-04-06$g$i20023381$o621.391.3 D445$p20023381$yBK
