=LDR  00000cam##2200000#a#4500

=001  018518
=008  930722s1994####enkd###f#b####001#0#eng##
=245  00$aExperiments in heat transfer and thermodynamics /$cedited by Robert A. Granger.
=260  \\$aNew York :$bCambridge University Press,$cC1994.
=300  \\$axvi, 278 p. :$bil. ;$c24 cm.
=500  \\$aColección Dr. CARLOS FAINSTEIN.
=520  \\$aEngineering curricula are notoriously demanding. One way to make the material easier to grasp and more fun to learn is to emphasize the experimental or "hands-on" aspects of engineering problems. This unique book is about learning through active participation in laboratory experiments, and it specifically aims to dispel some of the mystery so many students associate with the study of thermodynamics and heat transfer. In it, the author presents a collection of experiments in heat transfer and thermodynamics contributed by leading engineering educators. The experiments have been tested, evaluated, and proved successful for classroom use. Each experiment follows the same step-by-step format, which includes the objective of the experiment, apparatus needed, procedure, suggested headings, and references. The experiments use apparatus that is easily built or attainable. Among the topics covered are heat conduction, convection, boiling, mixing, diffusion, radiation, heat pipes and exchangers, and thermodynamics. The book will be especially useful as a companion to standard heat transfer and thermodynamics texts.
=504  \\$aIncludes bibliographical references and index.
=020  \\$a0521451159 (hardback)
=020  \\$a0521449251 (paperback)
=020  \\$a9780521449250
=700  1\$aGranger, Robert Alan.
=080  \\$a536.24
=650  \7$aThermodynamics$2inist
=650  \7$aTermodinámica$2inist
=650  \7$aHeat transfer$2inist
=650  \7$aTransferencia de calor$2inist
=010  \\$a###93029702#
=040  \\$aDLC$cDLC$dDLC$bspa$darbccab
=856  41$uhttps://images-na.ssl-images-amazon.com/images/I/51nkmMG28mL.%5FSX331%5FBO1,204,203,200%5F.jpg$3Tapa
=856  41$uhttp://campi.cab.cnea.gov.ar/tocs/23382.pdf$3Indice
=005  20170517175041.0
=003  AR-BCCAB
=082  00$a621.402/2/078$220
=942  \\$cBK
=952  \\$2udc$aPOST$bPOST$d2017-04-06$g$i20023382$o536.24 G765$p20023382$yBK
