=LDR  00000pam##2200000#a#4500

=001  018519
=008  130507s2014####maua###f#b####000#0#eng##
=245  10$aFinite state machines in hardware :$btheory and design (with VHDL and SystemVerilog) /$cVolnei A. Pedroni.
=264  \0$aCambridge, Massachusetts :$bThe MIT Press,$cc2013
=300  \\$ax, 337 p. :$bil. ;$c24 cm.
=504  \\$aIncluye referencias bibliográficas e índices.
=500  \\$aColección Dr. CARLOS FAINSTEIN.
=520  \\$aModern, complex digital systems invariably include hardware-implemented finite state machines. The correct design of such parts is crucial for attaining proper system performance. This book offers detailed, comprehensive coverage of the theory and design for any category of hardware-implemented finite state machines. It describes crucial design problems that lead to incorrect or far from optimal implementation and provides examples of finite state machines developed in both VHDL and SystemVerilog (the successor of Verilog) hardware description languages. Important features include: extensive review of design practices for sequential digital circuits; a new division of all state machines into three hardware-based categories, encompassing all possible situations, with numerous practical examples provided in all three categories; the presentation of complete designs, with detailed VHDL and SystemVerilog codes, comments, and simulation results, all tested in FPGA devices; and exercise examples, all of which can be synthesized, simulated, and physically implemented in FPGA boards. Additional material is available on the book's Website. Designing a state machine in hardware is more complex than designing it in software. Although interest in hardware for finite state machines has grown dramatically in recent years, there is no comprehensive treatment of the subject. This book offers the most detailed coverage of finite state machines available. It will be essential for industrial designers of digital systems and for students of electrical engineering and computer science.
=020  \\$a9780262019668 (hardcover : alk. paper)
=100  1\$aPedroni, Volnei A.
=080  \\$a621.382.41
=653  \\$ahardware
=653  \\$aDigital circuits
=653  \\$aVHDL code
=653  \\$aSystemVerilog code
=653  \\$aCircuitos digitales
=010  \\$a##2013009431
=040  \\$aDLC$beng$cDLC$erda
=050  00$aTK7885.7$b.P443 2013
=856  41$uhttps://images-na.ssl-images-amazon.com/images/I/51Bq8p26CBL.%5FSX381%5FBO1,204,203,200%5F.jpg$3Tapa
=856  41$uhttp://campi.cab.cnea.gov.ar/tocs/23383.pdf$3Indice
=005  20170517172902.0
=003  AR-BCCAB
=082  00$a621.39/2$223
=942  \\$cBK
=952  \\$2udc$aPOST$bPOST$d2017-04-06$g$i20023383$o621.382.41 P343$p20023383$yBK
