=LDR  00000cam##2200000#a#4500

=001  018520
=008  130312s2013####nyud###f#b####001#0#eng##
=245  10$aEvaluating measurement accuracy /$cSemyon G. Rabinovich.
=250  \\$a2nd ed.
=260  \\$aNew York :$bSpringer,$cc2013.
=300  \\$axviii, 313 p. :$bil. ;$c24 cm.
=500  \\$aColeccion Dr. CARLOS FAINSTEIN.
=520  \\$a"Evaluating Measurement Accuracy, 2nd Edition" is intended for those who are concerned with measurements in any field of science or technology. It reflects the latest developments in metrology and offers new results, but is designed to be accessible to readers at different levels: scientists who advance the field of metrology, engineers and experimental scientists who use measurements as tool in their professions, students and graduate students in natural sciences and engineering, and, in parts describing practical recommendations, technicians performing mass measurements in industry, quality control, and trade. This book presents material from the practical perspective and offers solutions and recommendations for problems that arise in conducting real-life measurements. This new edition adds a method for estimating accuracy of indirect measurements with independent arguments, whose development Dr. Rabinovich was able to complete very recently. This method, which is called the Method of Enumeration, produces estimates that are no longer approximate, similar to the way the method of reduction described in the first edition removed approximation in estimating uncertainty of indirect measurements with dependent arguments. The method of enumeration completes addressing the range of problems whose solutions signify the emergence of the new theory of accuracy of measurements. A new method is added for building a composition of histograms, and this method forms a theoretical basis for the method of enumeration.Additionally, as a companion to this book, a concise practical guide that assembles simple step-by-step procedures for typical tasks the practitioners are likely to encounter in measurement accuracy estimation is available at SpringerLink.
=020  \\$a9781461467168
=100  1\$aRabinovich, Semyon G.
=080  \\$a531.7
=653  \\$aMetrology
=653  \\$aMetrología
=010  \\$a##2013935124
=040  \\$aDLC$cDLC$dDLC$bspa$darbccab
=856  41$uhttps://images-na.ssl-images-amazon.com/images/I/41al5OZ74bL.%5FSX330%5FBO1,204,203,200%5F.jpg$3Tapa
=856  41$uhttp://campi.cab.cnea.gov.ar/tocs/23384.pdf$3Indice
=005  20170517165117.0
=003  AR-BCCAB
=942  \\$cBK
=952  \\$2udc$aPOST$bPOST$d2017-04-06$g$i20023384$o531.7 R113 Ed.2$p20023384$yBK
