=LDR  00000cam##22000005a#4500

=001  018525
=008  150709s2014####ne#d###f#b####001#0#eng#d
=245  10$aReal-time UML workshop for embedded systems /$cby Bruce Powel Douglass.
=250  \\$a2nd ed.
=264  \0$aAmsterdam :$bElsevier$cc2014.
=300  \\$axx, 500 p. :$billustrations. ;$c24 cm.
=490  1\$aEmbedded technology series
=500  \\$aPrevious edition: 2007.
=504  \\$aIncluye referencias bibliográficas e índice.
=520  \\$aWritten as a workbook with a set of guided exercises that teach by example, this book gives a practical, hands-on guide to using UML to design and implement embedded and real-time systems. A review of the basics of UML and the Harmony process for embedded software development: two on-going case examples to teach the concepts, a small-scale traffic light control system and a large scale unmanned air vehicle show the applications of UML to the specification, analysis and design of embedded and real-time systems in general. A building block approach: a series of progressive worked exercises with step-by-step explanations of the complete solution, clearly demonstrating how to convert concepts into actual designs. A walk through of the phases of an incremental spiral process: posing the problems and the solutions for requirements analysis, object analysis, architectural design, mechanistic design, and detailed desig.
=020  \\$a9780124077812 (pbk.)
=020  \\$a0124077811 (pbk.)
=100  1\$aDouglass, Bruce Powel.,$eauthor.
=830  \0$aEmbedded technology series.
=080  \\$a681.3.014
=650  \7$aProgramming$2inist
=650  \7$aReal time systems$2inist
=650  \7$aProgramación$2inist
=650  \7$aSistemas en tiempo real$2inist
=653  \\$aUML
=653  \\$aIntegrated systems
=653  \\$aSistemas integrados
=010  \\$a##2015452200
=016  7\$a016620594$2Uk
=040  \\$aUKMGB$beng$erda$cUKMGB$dYDXCP$dBTCTA$dBDX$dMYG$dOCLCF$dDLC$darbccab
=856  41$uhttps://images-na.ssl-images-amazon.com/images/I/51QAKBuTYaL.%5FSX403%5FBO1,204,203,200%5F.jpg$3Tapa
=856  31$uhttp://campi.cab.cnea.gov.ar/tocs/23394.pdf$3Indice
=005  20170531101802.0
=003  AR-BCCAB
=082  00$a006.2/2$223
=942  \\$cBK
=952  \\$2udc$aPOST$bPOST$d20170531$eFondos UNCuyo$g$i20023394$o681.3.014 P871 Ed.2$p20023394$yBK
