=LDR  00000cam##22000007a#4500

=001  018527
=008  950720s1996####nyud###f#b####001#0#eng##
=245  10$aProbabilistic risk assessment and management for engineers and scientists /$cHiromitsu Kumamoto, Ernest J. Henley.
=250  \\$a2nd ed.
=260  \\$aNew York :$bIEEE Press,$cc1996.
=300  \\$axvii, 597 p. :$bil. ;$c24 cm.
=500  \\$aRev. ed. of: Probabilistic risk assessment / Ernest J. Henley.
=504  \\$aIncluye referencias bibliográficas e índice.
=520  \\$aElectrical Engineering Probabilistic Risk Assessment and Management for Engineers and Scientists Second Edition "State of the art in risk analysis...[this book] projects the technology into the next decade. Congratulations to the authors on a virtuoso performance." -Charles Donaghey, University of Houston "A very useful reference to the academic and government communities, and junior engineering staff within nuclear, chemical, transportation, aerospace, and other industries." -Yovan Lukic, Arizona Public Service Company As the demands of government agencies and insurance companies escalate, societal risk assessment and management become increasingly critical to the development and use of engineered systems in the full range of industrial installations. Packed with real-world examples and practical mathematical and statistical methods for large, complex systems, this definitive text and sourcebook gives you the guidance you need for thorough and conclusive study. You'll find new and updated coverage of all the key topics related to risk analysis: * Probabilistic nature of risk * Qualitative and quantitative risk assessments * System decomposition * Legal and regulatory risks * And much more! The authors also provide end-of-chapter problems and a course outline. Complete with a new, automated, fault tree synthesis method using semantic networks. Probabilistic Risk Assessment and Management for Engineers and Scientists, Second Edition will be of value to anyone working with engineered systems. Also of Interest from IEEE Press... Successful Patents and Patenting for Engineers and Scientists edited by Michael A. Lechter, Esq. 1995 Softcover 432 pp IEEE Order No. PP4478 ISBN 0-7803-1086-1 Metric Units and Conversion Charts A Metrication Handbook for Engineers, Technologists, and Scientists Second Edition Theodore Wildi 1995 Softcover 144 pp IEEE Order No. PP4044 ISBN 0-7803-1050-0 The Probability Tutoring Book An Intuitive Course for Engineers and Scientists (And Everyone Else!) Carol Ash 1993 Softcover 480 pp IEEE Order No. PP2881 ISBN 0-7803-1051-9
=020  \\$a0780310047
=020  \\$a9780780360174
=100  1\$aKumamoto, Hiromitsu.
=700  1\$aHenley, Ernest J.
=700  1\$aHenley, Ernest J.$tProbabilistic risk assessment.
=080  \\$a621.039.58
=650  \0$aRisk analysis
=650  \0$aProbability of risk
=653  \\$aAnálisis de riesgo
=653  \\$aProbabilidad de riesgo
=690  \\$aIngeniería Nuclear$aPost-grados$bSeguridad nuclear$bConfiabilidad de sistemas (post-grado)
=010  \\$a###95036502#653
=040  \\$aDLC$cDLC$dDLC$bspa$darbccab
=856  41$uhttps://images-na.ssl-images-amazon.com/images/I/51aNqCOGKcL.%5FSX403%5FBO1,204,203,200%5F.jpg$3Tapa
=856  41$uhttp://campi.cab.cnea.gov.ar/tocs/23396.pdf$3Indice
=005  20170523151334.0
=003  AR-BCCAB
=082  00$a620/.00452$220
=942  \\$cBK
=952  \\$2udc$aPOST$bPOST$d20170523$g$i20023396$o621.039.58 K960 Ed.2$p20023396$yBK
