=LDR  00000cam##2200000#a#4500

=001  018541
=008  010302s2001####enkd###f#b####001#0#eng##
=245  10$aPractical physics /$cG.L. Squires.
=250  \\$a4th ed.
=260  \\$aCambridge ;$aNew York :$bCambridge University Press,$cc2001.
=300  \\$axi, 212 p. :$bil. ;$c26 cm.
=500  \\$aColección Dr. CARLOS FAINSTEIN.
=520  \\$aThis classic companion to undergraduate practical work in physics describes the purposeful, critical approach that should be made to all physics experiments. It covers the statistical treatment of data and experimental methods, and gives advice on keeping efficient records, calculations, and scientific writing. The new edition features treatment of the c2 distribution, a section on atomic clocks, worked examples based on spreadsheets, and additional exercises. Existing examples and references have been brought up to date. The text is liberally illustrated with examples and exercises, with solutions to the latter. Although intended for undergraduates, Practical Physics will be of interest to researchers, not only in physics, but in other sciences as well.
=504  \\$aIncludes bibliographical references (p. [207] -208) and index.
=020  \\$a0521770459
=020  \\$a0521779405 (pb.)
=100  1\$aSquires, G. L.$q(Gordon Leslie)
=080  \\$a53.05
=650  \7$aPhysics$2inist
=650  \7$aFísica$2inist
=653  \\$aExperiments
=653  \\$aMetodology
=653  \\$aScience
=653  \\$aExperimentos
=653  \\$aMetodología
=653  \\$aCiencia
=010  \\$a##2001025559
=040  \\$aDLC$cDLC$dDLC$bspa$darbccab
=856  41$uhttps://images-na.ssl-images-amazon.com/images/I/41Y6BNvcutL.%5FSX345%5FBO1,204,203,200%5F.jpg$3Tapa
=856  42$uhttp://campi.cab.cnea.gov.ar/tocs/23422.pdf$3Indice
=005  20170523151811.0
=003  AR-BCCAB
=082  00$a530/.028$221
=942  \\$cBK
=952  \\$2udc$aPOST$bPOST$d2017-04-06$g$i20023422$o53.05 Sq58 Ed.4$p20023422$yBK
