=LDR  00000cam##2200000#a#4500

=001  018561
=008  140626s2013####njud###f#b####001#0#eng#d
=245  10$aConvection heat transfer /$cAdrián Bejan.
=250  \\$a4th edition.
=264  \0$aHoboken, New Jersey :$bWiley,$cc2013.
=300  \\$axxxiii, 658 p. :$billustrations ;$c25 cm.
=505  0\$aFrontmatter -- Fundamental principles -- Laminar boundary layer flow -- Laminar duct flow -- External natural convection -- Internal natural convection -- Transition to turbulence -- Turbulent boundary layer flow -- Turbulent duct flow -- Free turbulent flows -- Convection with change of phase -- Mass transfer -- Convection in porous media -- Appendixes. A: Constants and conversion factors -- B: Properties of solids -- C: Properties of liquids -- D: Properties of gases -- E: Mathematical formulas -- Author index -- Subject index.
=504  \\$aIncluye referencias bibliográficas e índice.
=520  \\$aA new edition of the bestseller on convection heat transfer A revised edition of the industry classic, Convection Heat Transfer, Fourth Edition, chronicles how the field of heat transfer has grown and prospered over the last two decades. This new edition is more accessible, while not sacrificing its thorough treatment of the most up-to-date information on current research and applications in the field. One of the foremost leaders in the field, Adrian Bejan has pioneered and taught many of the methods and practices commonly used in the industry today. He continues this book's long-standing role as an inspiring, optimal study tool by providing: Coverage of how convection affects performance, and how convective flows can be configured so that performance is enhanced How convective configurations have been evolving, from the flat plates, smooth pipes, and single-dimension fins of the earlier editions to new populations of configurations: tapered ducts, plates with multiscale features, dendritic fins, duct and plate assemblies (packages) for heat transfer density and compactness, etc. New, updated, and enhanced examples and problems that reflect the author's research and advances in the field since the last edition A solutions manual Complete with hundreds of informative and original illustrations, Convection Heat Transfer, Fourth Edition is the most comprehensive and approachable text for students in schools of mechanical engineering.
=020  \\$a9780470900376 (hbk.)
=020  \\$a0470900377 (hbk.)
=100  1\$aBejan, Adrian,$d1948-,$eauthor.
=080  \\$a536.24
=650  \0$aHeat$xConvection.
=650  \7$aHeat transfer$2inist
=650  \7$aTransferencia de calor$2inist
=010  \\$a##2014378849
=016  7\$a016269777$2Uk
=040  \\$aUKMGB$beng$cUKMGB$erda$dOCLCO$dYDXCP$dBWX$dIXA$dNDD$dOCLCF$dDLC$darbccab
=856  41$uhttps://images-na.ssl-images-amazon.com/images/I/41HRUpoDUUL.%5FSX329%5FBO1,204,203,200%5F.jpg$3Tapa
=856  41$uhttp://campi.cab.cnea.gov.ar/tocs/23444.pdf$3Indice
=005  20170717154910.0
=003  AR-BCCAB
=942  \\$cBK
=952  \\$2udc$aPOST$bPOST$d2017-07-13$g$i20023444$o536.24 B397 Ed.4$p20023444$yBK
