=LDR  00000cam##22000007a#4500

=001  018580
=008  170810s2017####xx#d###f#b####001#0#und#d
=245  10$aLa física cuántica :$btodo sobre la teoría capaz de explicar por qué los gatos pueden estar vivos y muertos a la vez /$cJuan Pablo Paz; Mariana Nemitz (ilus.).
=250  \\$a1ra ed.
=260  \\$aCiudad Autónoma de Buenos Aires :$bSiglo XXI,$cc2017.
=300  \\$a141 p. ;$c19 cm.
=490  \0$aCiencia que ladra
=500  \\$aIlustrado por Mariana, Nemitz.
=520  \\$aLa física cuántica es uno de los mayores logros de la ciencia del siglo XX. Lejos de la mística o el esoterismo, esta teoría que nació para poder explicar el comportamiento de la luz ha sido comprobada una y otra vez en algunos de los experimentos más bellos de las ciencias naturales. Sin las ideas de la cuántica no habría computadoras, reproductores de DVD, transistores o aparatos para medir qué le pasa a nuestro cerebro cuando está pensando. Como toda la ciencia, la física cuántica nos ayuda a entender de qué estamos hechos, y ha sido de lo más exitosa en esta misión. Claro que en el camino nos ha enfrentado con paradojas, electrones que se escapan cuando los miramos, gatos imaginarios que pueden estar vivos y muertos al mismo tiempo, casamientos irrompibles entre pedacitos de materia que están dispersos por el mundo y, quizá, la teletransportación (sin hacernos ilusiones porque, como casi todo lo que esta teoría explica, se reduce al mundo de lo infinitamente pequeño). Cien años después de que sus creadores la presentaran y demostraran, seguimos teniendo un profundo desconocimiento de esta teoría fundamental. Es hora, entonces, de que alguien nos explique de una vez por todas de qué se trata la física cuántica. En este libro Juan Pablo Paz, uno de los científicos argentinos más reconocidos en el mundo, viene a guiarnos por un universo fascinante, que a veces atenta contra el sentido común, pero que siempre nos desafía a entender la naturaleza, por extraña que pueda resultar.
=020  \\$a9789876297264
=100  1\$aPaz, Juan Pablo.,$d1959-
=080  \\$a530.145
=650  \7$aPhysics$2inist
=650  \7$aFísica$2inist
=653  \\$aQuantum theory
=653  \\$aQuantum physics
=653  \\$aTeoría cuántica
=653  \\$aFísica cuántica
=040  \\$aarbccab$bspa
=856  41$uhttp://campi.cab.cnea.gov.ar/tocs/23464.pdf$3Indice
=856  41$uhttps://images-na.ssl-images-amazon.com/images/I/51S8uPn725L.jpg$3Tapa
=005  20170825093734.0
=003  AR-BCCAB
=942  \\$cBK
=952  \\$2udc$aPOST$bPOST$i20023464$o530.145 P298$p20023464$yBK
