=LDR  00000nam##22000005a#4500

=001  018581
=008  170810s2016####xx#d###f#b####000#0#und#d
=245  10$aEn el cielo las estrellas :$bmitos, historias y ciencia en una astronomía para todos /$cGuillermo Abramson; Andrés Casciani (ilus.).
=250  \\$a1ra ed.
=260  \\$aMendoza :$bEdiunc,$cc2016.
=300  \\$a165 p. :$bil. ;$c23 cm.
=490  \0$aIda y vuelta
=500  \\$aIlustrado por Andrés Casciani.
=520  \\$aGuillermo Abramson nos sugiere detenernos a mirar el cielo con asombro. Se entrecruzan los mitos y las historias con la ciencia de los astros y las leyes que los rigen. El libro se dividen en tres grandes partes: la primera presenta mitos e historias de las constelaciones y las estrellas; la segunda se detiene en nuestro Sistema Solar, sus planetas y satélites, y la tercera cuenta momentos importantes en el desarrollo de la ciencia de la Astronomía. Numerosas fotos, imágenes y dibujos enriquesen la lectura. Además, las ilustraciones de Andrés Casciani realzan especialmente el trabajo de Guillermo Abramson. Las abundantes y oportunas referencias a autores y personajes de nuestra cultura, tanto clásicos como modernos, nos permiten entender hasta qué punto es importante importante conocer y reconocer lo que el cielo quiere decirnos.
=504  \\$aIncluye referencias bibliográficas e índice.
=020  \\$a9789503903339
=100  1\$aAbramson, Guillermo,$d1965-
=080  \\$a52
=650  \7$aAstronomy$2inist
=650  \7$aAstronomía$2inist
=650  \7$aPhysics$2inist
=650  \7$aFísica$2inist
=040  \\$aarbccab$bspa
=856  41$uhttp://campi.cab.cnea.gov.ar/tocs/23463.pdf$3Indice
=856  41$uhttp://campi.cab.cnea.gov.ar/tocs/tapas/23463.jpg$3Tapa
=005  20170825093835.0
=003  AR-BCCAB
=942  \\$cBK
=952  \\$2udc$aPOST$bPOST$d20170817$i20023463$o52 Ab83$p20023463$yBK
