=LDR  00000nam##22000005a#4500

=001  018583
=008  020603s2002####enkd###f#b####001#0#eng#d
=245  10$aExperimental techniques in low-temperature physics /$cGuy K. White and Philip J. Meeson.
=250  \\$a4th ed.
=260  \\$aOxford :$bClarendon Press ;$aNew York :$bOxford University Press,$cc2002.
=300  \\$axii, 280 p. :$bil. ;$c24 cm.
=490  0\$aMonographs on the physics and chemistry of materials ;$v59
=500  \\$aColección Dr. CARLOS FAINSTEIN.
=504  \\$aIncluye referencias bibliográficas e índice.
=520  \\$aCryogenics (low temperature physics) has become a critical component of every day life through its use in satellite communications, medical diagnosis, natural gas transport, infrared surveillance, and many more applications. In this new edition of one of the leading books in the field, the authors explain the underlying principles and effects of cooling systems, liquid nitrogen, liquid helium and the approach to absolute zero. Accompanied by instructive illustrations throughout, the text covers all aspects of cryogenics including, a historical perspective, basic physics, construction techniques, thermometry, materials data, references and data sources, and information on commercial suppliers. No other book provides such a focused and up-to-date look at the techniques and practical applications of low temperature experimentation.
=020  \\$a019851428X (hardback : acid-free paper)
=020  \\$a0198514271 (pbk. : acid-free paper)
=100  1\$aWhite, Guy K.$q(Guy Kendall)
=700  1\$aMeeson, Philip J.
=080  \\$a536.48
=650  \0$aLow temperature research.
=650  \7$aIntervalo de temperatura 0065-0273 k$2inist
=010  \\$a##2002283298
=040  \\$aUKM$cUKM$dDLC$darbccab$bspa
=856  42$3Indice$uhttp://campi.cab.cnea.gov.ar/tocs/23469.pdf
=856  41$3Tapa$uhttps://images-na.ssl-images-amazon.com/images/I/418q2HIBoVL.%5FSX322%5FBO1,204,203,200%5F.jpg
=005  20170825163618.0
=003  AR-BCCAB
=942  \\$cBK
=952  \\$2udc$aPOST$bPOST$d20170817$g$i20023469$o536.48 W583 Ed.4$p20023469$yBK
