=LDR  00000cam##2200000#a#4500

=001  018584
=008  920303s1993####nyud###f#b####001#0#eng##
=245  10$aExperimental low temperature physics /$cAnthony Kent.
=260  \\$aNew York :$bAmerican Institute of Physics,$cc1993.
=300  \\$ax, 212 p. :$bil. ;$c25 cm.
=490  0\$aMacMillan physical science
=500  \\$aColección DR. CARLOS FAINSTIEN.
=504  \\$aIncluye referencias bibliográficas e índice.
=520  \\$aMarket: Graduate students in condensed matter and atomic and molecular physics. This engagingly written book introduces the field and provides important information for those making low temperature measurements. Fundamental thermodynamic considerations are covered at the start and the book concludes with commercial applications and an appendix on laser cooling.
=020  \\$a1563960303
=020  \\$a9780333519516
=100  1\$aKent, Anthony.
=080  \\$a536.48
=650  \7$aLow temperatures$2inist
=650  \7$aAtomic physics$2inist
=650  \7$aBaja temperatura$2inist
=650  \7$aFísica atómica$2inist
=653  \\$aMolecular physics
=653  \\$aFísica molecular
=653  \\$aCondensed matter
=653  \\$aMateria condensada
=010  \\$a###92010419#
=040  \\$aDLC$cDLC$dDLC$bspa$darbccab
=856  41$uhttp://campi.cab.cnea.gov.ar/tocs/23470.pdf$3Indice
=856  41$uhttps://images-na.ssl-images-amazon.com/images/I/51wgfj2pjGL.%5FSX329%5FBO1,204,203,200%5F.jpg$3Tapa
=005  20170825144431.0
=003  AR-BCCAB
=082  00$a536/.56$220
=942  \\$cBK
=952  \\$2udc$aPOST$bPOST$d20170817$g$i20023470$o536.48 K413$p20023470$yBK
