=LDR  00000cam##2200000#a#4500

=001  018585
=008  041019s2005####nyud###f#b####001#0#eng##
=245  10$aMeasurement errors and uncertainties :$btheory and practice /$cSemyon G. Rabinovich.
=250  \\$a3rd ed.
=260  \\$aNew York :$bAIP Press :$bSpringer,$cc2005.
=300  \\$axii, 308 p. :$bil. ;$c25 cm.
=500  \\$aColección DR. CARLOS FAINSTEIN.
=520  \\$aA practical reference on theory and methods of estimating measurement errors and uncertainty for both scientists and engineers in industry and experimental research. Building on the fundamentals of measurement theory, this book offers a wealth of practial recommendations and procedures. It differs from the majority of books in that it balances coverage of probabilistic methods with detailed information on the characterization, calibration, standardization and limitations of measuring instruments, with specific examples from both electrical and mechanical systems. In addition to a general updating to reflect current research, new material in this edition includes increased coverage of indirect measurements, with a new, simpler, more efficient method for this class of measurements.
=504  \\$aIncluye referencias bibliográficas e índice.
=020  \\$a9780387253589
=100  1\$aRabinovich, S. G.
=080  \\$a531.7
=650  \0$aError analysis (Mathematics)
=650  \7$aErrors$2inist
=650  \7$aMeasuring instruments$2inist
=650  \7$aErrores$2inist
=650  \7$aInstrumentos de medida$2inist
=653  \\$aMeasurement
=653  \\$aMeasurements
=653  \\$aUncertainties
=653  \\$aMediciones
=653  \\$aIncertidumbres
=010  \\$a##2004059194$z##2005923501
=040  \\$aDLC$cDLC$dDLC$darbccab$bspa
=041  1\$hund
=856  41$3Indice$uhttp://campi.cab.cnea.gov.ar/tocs/23471.pdf
=856  41$3Tapa$uhttps://images-na.ssl-images-amazon.com/images/I/51pQ6S5tkAL.%5FSX321%5FBO1,204,203,200%5F.jpg
=005  20170824152024.0
=003  AR-BCCAB
=082  00$a530.8$222
=942  \\$cBK
=952  \\$2udc$aPOST$bPOST$d20170824$g$i20023471$o531.7 R113 Ed.3$p20023471$yBK
