=LDR  00000cam##22000004a#4500

=001  018586
=008  760206s1925####enkd###f#b####001#0#eng##
=245  10$aExperimental optics :$ba manual for the laboratory /$cby G. F. C . Searle.
=260  \\$aCambridge :$bUniversity Press,$cc1925.
=300  \\$axvi, 357 p. :$bil., diagrs. ;$c21 cm.
=490  0\$aCambridge physical series
=500  \\$aColección DR. CARLOS FAINSTEIN.
=520  \\$aGeorge Frederick Charles Searle (1864-1954) was a British physicist who worked at the Cavendish Laboratory at Cambridge for 55 years. Originally published in 1925, this book describes optical experiments carried out in Searle's practical class at the Laboratory. A broad range of experiments is contained, reflecting the diversity of student experience within the classes. Illustrative figures are incorporated throughout. This book will be of value to anyone with an interest in optics and the history of science.
=020  \\$a9781107683686
=100  1\$aSearle, G. F. C.$q(George Frederick Charles),$d1864-1954)
=080  \\$a535
=650  \7$aOptics$2inist
=650  \7$aÓptica$2inist
=653  \\$aHistory of science
=653  \\$aHistoria de la ciencia
=010  \\$a###26013557#
=040  \\$aDLC$cGAT$dGAT$dDLC$bspa$darbccab
=050  00$aQC365$b.S4
=856  41$uhttp://campi.cab.cnea.gov.ar/tocs/23472.pdf$3Indice
=856  41$uhttps://images-na.ssl-images-amazon.com/images/I/31PocFWucIL.%5FSX322%5FBO1,204,203,200%5F.jpg$3Tapa
=005  20170830151113.0
=003  AR-BCCAB
=942  \\$cBK
=952  \\$2udc$aPOST$bPOST$d20170830$g$i20023472$o535 Se173$p20023472$yBK
