=LDR  00000cam##22000001a#4500

=001  018587
=008  100423s2008####sw#d###f#b####001#0#swe##
=242  14$aLas formas de Platón en la escritura, el arte, la tecnología y la ciencia
=245  10$aPlatons former i skrift, konst, teknik och naturvetenskap /$cIngmar Bergström.
=260  \\$aStockholm :$bCarlssons,$cc2008.
=300  \\$a343 p. :$billustrations (some color), maps ;$c25 cm.
=504  \\$aIncluye referencias bibliográficas e índice.
=520  \\$aDet blir en lång och fascinerande, väl illustrerad, resa i tid och rum bland polygoner och polyedrar; från de gamla grekiska naturfilosoferna, via romerska mosaiker, vikter i Birka, renässansens konstnärer och vetenskapsmän fram till våra dagars partikelfysik, konst och inte minst arkitektur. Utkommer i mars. Ingmar Bergström är Professor emeritus i fysik.
=020  \\$a9789173311373
=100  1\$aBergström, Ingmar.
=080  \\$a514.11
=653  \\$aPolygon
=653  \\$aPolyhedron
=653  \\$aMosaic
=653  \\$aParticle physics
=653  \\$aArt
=653  \\$aArchitecture
=653  \\$aPolígono
=653  \\$aPoliedro
=653  \\$aMosaico
=653  \\$aMosaico
=653  \\$aFísica de partículas
=653  \\$aArte
=653  \\$aArquitectura
=010  \\$a##2010457083
=040  \\$aDLC$cDLC$erda$bspa$darbccab
=041  1\$aswe
=856  41$uhttp://campi.cab.cnea.gov.ar/tocs/tapas/23473.jpg$3Tapa
=856  41$uhttp://campi.cab.cnea.gov.ar/tocs/23473.pdf$3Indice
=005  20170925105423.0
=003  AR-BCCAB
=942  \\$cBK
=952  \\$2udc$aPOST$bPOST$d20170925$i20023473$o514.11 B454$p20023473$yBK
