=LDR  00000cam##2200000#a#4500

=001  018588
=008  061127s2008####flud###f#b####001#0#eng##
=245  10$aMachine elements :$blife and design /$cBoris M. Klebanov, David M. Barlam, Frederic E. Nystrom.
=260  \\$aBoca Raton, FL :$bCRC Press,$cc2008.
=300  \\$a435 p. :$bil. ;$c27 cm.
=490  1\$aMechanical engineering series
=504  \\$aIncluye referencias bibliográficas e índice.
=520  \\$aFocusing on how a machine "feels" and behaves while operating, Machine Elements: Life and Design seeks to impart both intellectual and emotional comprehension regarding the "life" of a machine. It presents a detailed description of how machines elements function, seeking to form a sympathetic attitude toward the machine and to ensure its wellbeing through more careful and proper design. The book is divided into three sections for accessibility and ease of comprehension. The first section is devoted to microscopic deformations and displacements both in permanent connections and within the bodies of stressed parts. Topics include relative movements in interference fit connections and bolted joints, visual demonstrations and clarifications of the phenomenon of stress concentration, and increasing the load capacity of parts using prior elasto-plastic deformation and surface plastic deformation. The second part examines machine elements and units. Topics include load capacity calculations of interference fit connections under bending, new considerations about the role of the interference fit in key joints, a detailed examination of bolts loaded by eccentrically applied tension forces, resistance of cylindrical roller bearings to axial displacement under load, and a new approach to the choice of fits for rolling contact bearings. The third section addresses strength calculations and life prediction of machine parts. It includes information on the phenomena of static strength and fatigue; correlation between calculated and real strength and safety factors; and error migration.
=020  \\$a0849395631 (alk. paper)
=020  \\$a9780849395635 (alk. paper)
=100  1\$aKlebanov, Boris M.
=700  1\$aBarlam, David M.
=700  1\$aNystrom, Frederic E.
=830  \0$aMechanical engineering series (Boca Raton, Fla.)
=080  \\$a621.8
=650  \7$aMechine parts$2inist
=650  \7$aPiezas de máquinas
=650  \7$aDesing$2inist
=650  \7$aEngines$2inist
=650  \7$aDiseño$2inist
=650  \7$aMáquinas$2inist
=653  \\$aMachine design
=653  \\$aMachine elements
=653  \\$aDiseño de máquina
=653  \\$aElementos de máquina
=010  \\$a##2006051883
=040  \\$aDLC$cDLC$dBAKER$dBTCTA$dC#P$dYDXCP$dDLC$bspa$darbccab
=856  41$uhttp://campi.cab.cnea.gov.ar/tocs/23474.pdf$3Indice
=856  41$uhttps://images-na.ssl-images-amazon.com/images/I/51ktING-BNL.%5FSX347%5FBO1,204,203,200%5F.jpg$3Tapa
=005  20180221100035.0
=003  AR-BCCAB
=942  \\$cBK
=952  \\$2udc$aPOST$bPOST$d2017-08-01$eCiencia & Tecnica$g$i20023474$o621.8 K67$p20023474$yBK
