=LDR  00000cam##2200000#a#4500

=001  018589
=008  950531s1995####nyud###f#b####001#0#eng##
=245  13$aAn introduction to the design and behavior of bolted joints /$cJohn H. Bickford.
=250  \\$a3rd ed., rev. and expanded.
=260  \\$aNew York :$bMarcel Dekker,$cc1995.
=300  \\$axxviii, 951 p. :$bil. ;$c24 cm.
=490  1\$aMechanical engineering ;$v97
=504  \\$aIncluye referencias bibliográficas e índice.
=520  \\$aOffering a broad-based review of the factors affecting the design, assembly and behaviour of bolted joints and their components in all industries, this work details various assembly options as well as specific failure modes and strategies for their avoidance. This edition features material on: the contact stresses between bolt head or nut face and the joint; thread forms, series and classes; the stiffness of raised face flange joints; and more.
=020  \\$a0824792971 (alk. paper)
=100  1\$aBickford, John H.,$d1926-
=830  \0$aMechanical engineering (Marcel Dekker, Inc.) ;$v97.
=080  \\$a621.8
=650  \7$aBolted joints$2inist
=650  \7$aUniones empernadas$2inist
=650  \7$aDesing$2inist
=650  \7$aDiseño$2inist
=010  \\$a###95021233#
=040  \\$aDLC$cDLC$dDLC$bspa$darbccab
=856  41$uhttp://campi.cab.cnea.gov.ar/tocs/23475.pdf$3Indice
=856  41$uhttps://images-na.ssl-images-amazon.com/images/I/41n7d6bZnpL.%5FSX316%5FBO1,204,203,200%5F.jpg$3Tapa
=005  20180221100221.0
=003  AR-BCCAB
=942  \\$cBK
=952  \\$2udc$aPOST$bPOST$d2017-08-01$eCiencia & Tecnica$g$i20023475$o621.8 B472 Ed.3$p20023475$yBK
