=LDR  00000pam##2200000#a#4500

=001  018590
=008  170128s2015####nyud###f#b####001#0#eng#d
=245  10$aHeat and mass transfer :$bfundamentals & applications /$cYunus A. Cengel, University of Nevada, Reno, Afshin J. Ghajar, Oklahoma State University, Stillwater.
=250  \\$a5 th ed.
=264  \0$aNew York, NY :$bMcGraw Hill Education,$cc2015
=300  \\$axxi, 968 p. :$billustrations ;$c27 cm.
=504  \\$aIncluye referencias bibliográficas e índice.
=520  \\$aWith complete coverage of the basic principles of heat transfer and a broad range of applications in a flexible format, Heat and Mass Transfer: Fundamentals and Applications, by Yunus Cengel and Afshin Ghajar provides the perfect blend of fundamentals and applications. The text provides a highly intuitive and practical understanding of the material by emphasizing the physics and the underlying physical phenomena involved. This text covers the standard topics of heat transfer with an emphasis on physics and real-world every day applications, while de-emphasizing mathematical aspects. This approach is designed to take advantage of students' intuition, making the learning process easier and more engaging. McGraw-Hill Education's Connect, is also available as an optional, add on item. Connect is the only integrated learning system that empowers students by continuously adapting to deliver precisely what they need, when they need it, how they need it, so that class time is more effective. Connect allows the professor to assign homework, quizzes, and tests easily and automatically grades and records the scores of the student's work. Problems are randomized to prevent sharing of answers an may also have a "multi-step solution" which helps move the students' learning along if they experience difficulty.
=020  \\$a9780073398181
=100  1\$aCengel, Yunus A.,$eauthor.
=700  1\$aGhajar, Afshin J.$q(Afshin Jahanshahi),$d1951-
=080  \\$a536.2
=650  \7$aHeat$xTransmission.$2inist
=650  \7$aMass transfer$2inist
=650  \7$aCalor$2inist
=650  \7$aTransferencia de masa$2inist
=010  \\$a##2016498270
=037  \\$a82660$bTVG
=040  \\$aYDXCP$beng$erda$cYDXCP$dBDX$dEGM$dOCLCF$dCNO$dOCLCQ$dOKU$dCUS$dTVG$dspa
=856  41$uhttp://campi.cab.cnea.gov.ar/tocs/23476.pdf$3Indice
=856  41$uhttps://images-na.ssl-images-amazon.com/images/I/515euwjZ68L.%5FSX395%5FBO1,204,203,200%5F.jpg$3Tapa
=005  20170830161939.0
=003  AR-BCCAB
=942  \\$cBK
=952  \\$2udc$aPOST$bPOST$d2017-08-01$eCiencia & Tecnica$g$i20023476$o536.2 C332 Ed.5$p20023476$yBK
