=LDR  00000cam##22000007a#4500

=001  018591
=008  120831s2013####nyua###f#b####001#0#eng##
=245  10$aHandbook of nondestructive evaluation /$cCharles J. Hellier.
=250  \\$a2nd ed.
=260  \\$aNew York :$bMcGraw-Hill,$cc2013.
=300  \\$axviii :$bil. ;$c24 cm.
=504  \\$aIncluye referencias bibliográficas e índice.
=520  \\$aA complete, up-to-date guide to the leading product testing standard Fully revised to cover the latest nondestructive testing (NDT) procedures, this practical resource reviews established and emerging methods for examining materials without destroying them or altering their structure. Handbook of Nondestructive Evaluation, Second Edition offers in-depth details on the background, benefits, limitations, and applications of each method. The book provides advice on how to interpret results and formulate accurate decisions based on your findings. New chapters on digital radiography, ultrasonic phased array testing, and ultrasonic guided wave inspection are included. This is a must-have reference for NDT certification candidates, engineers, metallurgists, quality control specialists, and anyone involved in product design, manufacture, or maintenance. Handbook of Nondestructive Evaluation, Second Edition covers: Introduction to nondestructive testing Discontinuities&#8213;origins and classification Visual testing Penetrant testing Magnetic particle testing Radiographic testing Ultrasonic testing Eddy current testing Thermal infrared testing Acoustic emission testing Digital radiography Ultrasonic phased array testing Ultrasonic guided wave inspection
=020  \\$a9780071777148 (alk. paper)
=100  1\$aHellier, Charles J.
=080  \\$a620.1
=650  \7$aQuality control$2inist
=650  \7$aNon-destructive testing$2inist
=650  \7$aMaterials testing$2inist
=650  \7$aControl de calidad$2inist
=650  \7$aEnsayos no-destructivos$2inist
=650  \7$aEnsayo de materiales$2inist
=010  \\$a##2012027973
=040  \\$aDLC$cDLC$dDLC$bspa$darbccab
=856  41$uhttp://campi.cab.cnea.gov.ar/tocs/23477.pdf$3Indice
=856  41$uhttps://images-na.ssl-images-amazon.com/images/I/51FCLu4yGZL.%5FSX310%5FBO1,204,203,200%5F.jpg$3Tapa
=005  20170830153722.0
=003  AR-BCCAB
=942  \\$cBK
=952  \\$2udc$aPOST$bPOST$d2017-08-01$eCiencia & Tecnica$g$i20023477$o620.1 H367 Ed.2$p20023477$yBK
