=LDR  00000cam##2200000#a#4500

=001  018593
=008  030418s2014####nyud###f#b####001#0#eng##
=245  10$aBiological physics :$benergy, information, life /$cPhilip Nelson ; with the assistance of Marko Radosavljevic and Sarina Bromberg.
=260  \\$aNew York :$bW.H. Freeman and Co.,$cc2014.
=300  \\$axxvi, 630 p. :$bil. ;$c24 cm.
=504  \\$aIncluye referencias bibliográficas e índice.
=520  \\$aThis text focuses on new results in molecular motors, self-assembly, and single-molecule manipulation that have revolutionized the field in recent years. Now in paperback, this updated edition has new end-of-chapter problems giving fresh options for assignments and exams; and an updated Chapter on Enzymes and Molecular Machines.
=020  \\$a0716798972
=020  \\$a9780716798972
=100  1\$aNelson, Philip Charles.
=700  1\$aRadosavljevic, Marko.
=700  1\$aBromberg, Sarina.
=080  \\$a557.3
=650  \7$aBiophysics$2inist
=650  \7$aBiofísica$2inist
=650  \7$aMolecular biology$2inist
=650  \7$aBiología molecular$2inist
=010  \\$a##2003105929
=040  \\$aDLC$cDLC$dDLC$bspa$darbccab
=856  41$uhttps://images-na.ssl-images-amazon.com/images/I/51hjJqhWGFL.%5FSX405%5FBO1,204,203,200%5F.jpg$3Tapa
=856  41$uhttp://campi.cab.cnea.gov.ar/tocs/23480.pdf$3Indice
=005  20180221115803.0
=003  AR-BCCAB
=942  \\$cBK
=952  \\$2udc$aPOST$bPOST$d20180221$g$i20023480$o577.3 N331$p20023480$yBK
