=LDR  00000cam##2200000#a#4500

=001  018594
=008  160603s2017####nyud###f#b####001#0#eng##
=245  10$aLehninger principles of biochemistry /$cDavid L. Nelson, Michael M. Cox.
=250  \\$a7th ed.
=260  \\$aNew York, NY :$bW. H. Freeman,$cc2017.
=300  \\$axxxiv, [1306 p.] :$bil. (some col.) ;$c30 cm.
=520  \\$aLehninger Principles of Biochemistry is the #1 bestseller for the introductory biochemistry course because it brings clarity and coherence to an often unwieldy discipline, offering a thoroughly updated survey of biochemistry's enduring principles, definitive discoveries, and groundbreaking new advances with each edition. This new Seventh Edition maintains the qualities that have distinguished the text since Albert Lehninger's original edition--clear writing, careful explanations of difficult concepts, helpful problem-solving support, and insightful communication of contemporary biochemistry's core ideas, new techniques, and pivotal discoveries. Again, David Nelson and Michael Cox introduce students to an extraordinary amount of exciting new findings without an overwhelming amount of extra discussion or detail. And with this edition, W.H. Freeman and Sapling Learning have teamed up to provide the book's richest, most completely integrated text/media learning experience yet, through an extraordinary new online resource: SaplingPlus.
=020  \\$a9781464126116
=020  \\$a1319108245
=100  1\$aNelson, David L.
=700  1\$aCox, Michael M.
=080  \\$a577.1
=650  \7$aBiochemistry$2inist
=650  \7$aBioquímica$2inist
=010  \\$a##2016943661
=040  \\$aDLC$beng$erda$cDLC$darbccab
=856  40$uhttps://images-na.ssl-images-amazon.com/images/I/51S8Bgm9FmL.%5FSX388%5FBO1,204,203,200%5F.jpg$3Tapa
=856  40$uhttp://campi.cab.cnea.gov.ar/tocs/23481.pdf$3Indice
=005  20170925120129.0
=003  AR-BCCAB
=942  \\$cBK
=952  \\$2udc$aPOST$bPOST$d20170831$g$i20023481$o577.1 L528 Ed.7$p20023481$yBK
