=LDR  00000nam##22000005a#4500

=001  018597
=008  110608s2011####flud###f#b####001#0#eng##
=245  10$aPhysics of continuous matter :$bexotic and everyday phenomena in the macroscopic world /$cBenny Lautrup.
=250  \\$a2nd ed.
=260  \\$aBoca Raton :$bTaylor & Francis,$cc2011.
=300  \\$axii, 684 p. :$bil. ;$c29 cm.
=520  \\$aPhysics of Continuous Matter: Exotic and Everyday Phenomena in the Macroscopic World, Second Edition provides an introduction to the basic ideas of continuum physics and their application to a wealth of macroscopic phenomena. The text focuses on the many approximate methods that offer insight into the rich physics hidden in fundamental continuum mechanics equations. Like its acclaimed predecessor, this second edition introduces mathematical tools on a "need-to-know" basis. New to the Second Edition This edition includes three new chapters on elasticity of slender rods, energy, and entropy. It also offers more margin drawings and photographs and improved images of simulations. Along with reorganizing much of the material, the author has revised many of the physics arguments and mathematical presentations to improve clarity and consistency. The collection of problems at the end of each chapter has been expanded as well. These problems further develop the physical and mathematical concepts presented. With worked examples throughout, this book clearly illustrates both qualitative and quantitative physics reasoning. It emphasizes the importance in understanding the physical principles behind equations and the conditions underlying approximations. A companion website provides a host of ancillary materials, including software programs, color figures, and additional problems.
=504  \\$aIncluye referencias bibliográficas e índice.
=020  \\$a9781420077001 (hardcover : alk. paper)
=100  1\$aLautrup, Benny.
=080  \\$a53
=650  \0$aField theory (Physics)
=650  \7$aElasticity$2inist
=650  \7$aElasticidad$2inist
=650  \7$aEntropy$2inist
=650  \7$aEntropía$2inist
=650  \7$aEnergy$2inist
=650  \7$aEnergía$2inist
=010  \\$a##2011017385
=040  \\$aDLC$cDLC$bspa$darbccab
=856  41$uhttps://images-na.ssl-images-amazon.com/images/I/41Awcqr06AL.%5FSX365%5FBO1,204,203,200%5F.jpg$3Tapa
=856  41$uhttp://campi.cab.cnea.gov.ar/tocs/23484.pdf$3Indice
=005  20170925110825.0
=003  AR-BCCAB
=082  00$a530.14$223
=942  \\$cBK
=952  \\$2udc$aPOST$bPOST$d20170925$g$i20023484$o53 L378 Ed.2$p20023484$yBK
