=LDR  00000cam##2200000#a#4500

=001  018607
=008  060302s2006####gw#d#####b####001#0#eng#d
=245  10$aMagnetism :$bfrom fundamentals to nanoscale dynamics /$cJ. Stöhr, H.C. Siegmann.
=260  \\$aBerlin ;$aNew York :$bSpringer,$cc2006.
=300  \\$axvii, 820 p. :$bil. ;$c25 cm.
=490  0\$aSpringer series in solid-state sciences,$x0171-1873 ;$v152
=504  \\$aIncluye referencias bibliográficas e índice.
=520  \\$aThis text book gives a comprehensive account of magnetism, one of the oldest yet most vibrant fields of physics. It spans the historical development, the physical foundations and the continuing research underlying the subject. The book covers both the classical and quantum mechanical aspects of magnetism and novel experimental techniques. Perhaps uniquely, it discusses spin transport and magnetization dynamics phenomena associated with atomically and spin engineered nano-structures against the backdrop of spintronics and magnetic storage and memory applications. The book is for students, and serves as a reference for scientists in academia and research laboratories.
=020  \\$a9783662499740
=020  \\$a3540302824
=100  1\$aStöhr, Joachim.
=700  1\$aSiegmann, Hans Christoph.
=080  \\$a537.6
=650  \7$aMagnetism$2inist
=650  \7$aClassical mechanics$2inist
=650  \7$aQuantum mechanics$2inist
=650  \7$aMagnetismo$2inist
=650  \7$aMecánica clásica$2inist
=650  \7$aMecánica cuántica$2inist
=653  \\$aSpintronics
=653  \\$aMagnetic storage
=653  \\$aEspintrónica
=653  \\$aAlmacenamiento magnético
=010  \\$a##2006923232
=016  7\$a013564726$2Uk
=040  \\$aUKM$cUKM$dBAKER$dCUY$dVRC$dYDXCP$dDLC$bspa$darbccab
=856  41$3Tapa$uhttps://images-na.ssl-images-amazon.com/images/I/41c%2BfnaEV%2BL.%5FSX331%5FBO1,204,203,200%5F.jpg
=856  41$3Indice$uhttp://campi.cab.cnea.gov.ar/tocs/23511.pdf
=005  20171113121202.0
=003  AR-BCCAB
=082  04$a538$222
=942  \\$cBK
=952  \\$2udc$aPOST$bPOST$d2017-10-05$g$i20023511$o537.6 St499$p20023511$yBK
