=LDR  00000cam##22000007a#4500

=001  018608
=008  171019s2016####gw#d###f#b####001#0#eng##
=245  12$aA modern course in statistical physics /$cby Linda E. Reichl.
=250  \\$a4rd rev. and updated ed.
=260  \\$aWeinheim :$bWiley,$cc2016.
=300  \\$axiii, 467 p. :$bil. ;$c24 cm.
=504  \\$aIncluye referencias bibliográficas e índice.
=520  \\$aA Modern Course in Statistical Physics is a textbook that illustrates the foundations of equilibrium and non-equilibrium statistical physics, and the universal nature of thermodynamic processes, from the point of view of contemporary research problems. The book treats such diverse topics as the microscopic theory of critical phenomena, superfluid dynamics, quantum conductance, light scattering, transport processes, and dissipative structures, all in the framework of the foundations of statistical physics and thermodynamics. It shows the quantum origins of problems in classical statistical physics. One focus of the book is fluctuations that occur due to the discrete nature of matter, a topic of growing importance for nanometer scale physics and biophysics. Another focus concerns classical and quantum phase transitions, in both monatomic and mixed particle systems. This fourth edition extends the range of topics considered to include, for example, entropic forces, electrochemical processes in biological systems and batteries, adsorption processes in biological systems, diamagnetism, the theory of Bose-Einstein condensation, memory effects in Brownian motion, the hydrodynamics of binary mixtures. A set of exercises and problems is to be found at the end of each chapter and, in addition, solutions to a subset of the problems is provided. The appendices cover Exact Differentials, Ergodicity, Number Representation, Scattering Theory, and also a short course on Probability.
=020  \\$a9783527413492
=100  1\$aReichl, L. E.
=080  \\$a531.19:536.76
=650  \7$aThermodynamics$2inist
=650  \7$aTermodinámica$2inist
=653  \\$aStatistical physics
=653  \\$aFisíca estadística
=690  \\$aMaestría en Ciencias Físicas$bMecánica estadística
=010  \\$a##2010287506
=040  \\$aDLC$cDLC$dDLC$darbccab$bspa
=856  41$uhttps://images-na.ssl-images-amazon.com/images/I/51IsmSD%2BnfL.%5FSX346%5FBO1,204,203,200%5F.jpg$3Tapa
=856  41$uhttp://campi.cab.cnea.gov.ar/tocs/23512.pdf$3Indice
=005  20171113125307.0
=003  AR-BCCAB
=942  \\$cBK
=952  \\$2udc$aPOST$bPOST$d2017-10-05$g$i20023512$o531.19:536.76 R271 Ed.4 Rev.$p20023512$yBK
