=LDR  00000nam##2200000#a#4500

=001  018609
=008  971010s1998####njud###f#b####001#0#eng##
=245  10$aCemented tungsten carbides :$bproduction, properties, and testing /$cby Gopal S. Upadhyaya.
=260  \\$aWestwood, N.J. :$bNoyes Publications,$cc1998.
=300  \\$axvii, 403 p. :$bil. ;$c25 cm.
=490  0\$aMaterials science and process technology series.
=504  \\$aIncluye referencias bibliográficas e índice.
=520  \\$aWritten by an international expert, this book covers the processing, microstructure, and properties of cemented tungsten carbides. It is divided into 18 chapters covering wide areas from crystal structure to phase equilibria, production of metal and carbide powders, and much more. This book is ideal for researchers, plant engineers, and senior level students in metallurgical/mechanical/materials engineering who are interested in cemented carbides. There is no parallel book in print.
=020  \\$a0815514174
=020  \\$a9780815514176
=100  1\$aUpadhyaya, G. S.
=080  \\$a669
=650  \7$aCermets$2inist
=650  \7$aCerametales$2inist
=650  \7$aTungsten carbides$2inist
=650  \7$aCarburos de volframio$2inist
=690  \\$aMaestría en Cs. Físicas
=010  \\$a###97044662#
=040  \\$aDLC$cDLC$dDLC$bspa$darbccab
=856  42$3Tapa$uhttps://images-na.ssl-images-amazon.com/images/I/41m2wkYCr9L.%5FSX331%5FBO1,204,203,200%5F.jpg
=856  41$3Indice$uhttp://campi.cab.cnea.gov.ar/tocs/23517.pdf
=005  20171103154256.0
=003  AR-BCCAB
=082  00$a671.5/3$221
=942  \\$cBK
=952  \\$2udc$aPOST$bPOST$d2017-06-30$g$i20023517$o669 Up12$p20023517$yBK
