=LDR  00000pam##2200000#a#4500

=001  018613
=008  060317s2006####gw#d###f#b####001#0#eng##
=245  10$aHow does MRI work? :$ban introduction to the physics and function of magnetic resonance imaging /$cDominik Weishaupt, Victor D. Kochli, Borut Marincek.
=250  \\$a2nd ed.
=260  \\$aBerlin ;$aNew York :$bSpringer,$cc2006.
=300  \\$ax, 169 p. :$bil. ;$c24 cm.
=504  \\$aIncluye referencias bibliográficas e índice.
=520  \\$aA succinct introduction to the physics and function of magnetic resonance imaging with an emphasis on practical information. This thoroughly revised second edition is clearly structured. The underlying physical principles of the MR experiment are described and the basic pulse sequences commonly used in clinical MRI. It progresses to more advanced techniques such as parallel imaging and cardiovascular MR imaging. An extensive glossary offers rapid access to MRI terminology and will help those seeking to understand this interesting fascinating subject.
=020  \\$a9783540300670
=020  \\$a3540300678
=100  1\$aWeishaupt, Dominik.
=700  1\$aKochli, Victor D.,$d1965-
=700  1\$aMarincek, Borut.
=080  \\$a61:53:537.635
=650  \7$aMagnetic resonance$2inist
=650  \7$aPhysics$2inis
=650  \7$aResonancia magnética$2inist
=650  \7$aFísica$2inist
=653  \\$aMagnetic resonance imaging
=653  \\$aImagen de resonancia magnética
=690  \\$aMaestría en Física Médica
=010  \\$a##2006924129
=040  \\$aDLC$cDLC$dDLC$bspa$darbccab
=041  1\$aeng$hger
=856  41$uhttps://images-na.ssl-images-amazon.com/images/I/41X%2BmUtF-zL.%5FSX328%5FBO1,204,203,200%5F.jpg$3Tapa
=856  41$uhttp://campi.cab.cnea.gov.ar/tocs/23528.pdf$3Indice
=005  20180226131226.0
=003  AR-BCCAB
=082  00$a538/.36$222
=942  \\$cBK
=952  \\$2udc$aPOST$bPOST$d2017-11-30$g$i20023528$o61:53:537.635 W435 Ed.2$p20023528$yBK
