=LDR  00000cam##22000004a#4500

=001  018614
=008  970106s1997####gw#d###f#b####001#0#eng##
=245  10$aNMR :$btomography, diffusometry, relaxometry /$cRainer Kimmich.
=260  \\$aBerlin ;$aNew York :$bSpringer,$cc1997.
=300  \\$axxiii, 526 p. :$bil. ;$c25 cm.
=504  \\$aIncluye referencias bibliográficas (p. [497]-516) e índice.
=520  \\$aWhen I planned this book seven years ago I had my graduate students at the University of Ulm in mind, diploma as well as doctoral students, who often asked me what literature they should work with. I used to suggest a list of ten to twenty (for my taste: excellent) treatises on NMR. Apparently this did not make them entirely happy. The difficulty which newcomers to the field face is to practise and to apply theoretical formalisms from different sources while still learning the principles of NMR and being actively engaged in NMR research. Although the text presented here is largely based on my lecture notes, the result is a "working book" rather than an introduction. It is intended to provide direct access to the basic information one needs for NMR diffusometry, relaxometry, and tomography applications. A "working book" is certainly not suitable to be read starting on page one and then carrying on until the last page. Boldly extrapolating my own reading habits to those of the typical scientist I am sure that this is not the way in which monographs of this kind are read nowadays. So my aim was to produce a treatise that offers easy and quick access for the reader to relevant matters of interest. I tried hard to ease the comprehension of NMR principles by extensive cross-referencing among the sections and chapters. Tomography, diffusometry and relaxometry are fields based on common phys­ical principles.
=020  \\$a3540618228 (Berlin : acid-free paper)
=020  \\$a9783642644658
=100  1\$aKimmich, R.$q(Rainer),$d1941-
=080  \\$a537.635
=650  \0$aNuclear magnetic resonance$xMethodology
=650  \0$aNuclear magnetic resonance$xIndustrial applications
=650  \7$aTomography$2inist
=650  \7$aTomografía$2inist
=653  \\$aDiffusometry
=653  \\$aRelaxometry
=653  \\$aDifusometría
=653  \\$aRelaxometría
=010  \\$a###97001009#
=040  \\$aDLC$cDLC$dDLC$bspa$darbccab
=856  41$u650https://images-na.ssl-images-amazon.com/images/I/41shG9bWMOL.%5FSX327%5FBO1,204,203,200%5F.jpg$3Tapa
=856  41$uhttp://campi.cab.cnea.gov.ar/tocs/23532.pdf$3Indice
=005  20180227145050.0
=003  AR-BCCAB
=942  \\$cBK
=952  \\$2udc$aPOST$bPOST$d2017-11-30$g$i20023532$o537.635 K572$p20023532$yBK
