=LDR  00000pam##2200000#a#4500

=001  018615
=008  160428s2016####nyud###f#b####001#0#eng##
=245  00$aRadiation physics for medical physicists /$cErvin B. Podgorsak.
=250  \\$aThrid edition.
=260  \\$aNew York, NY :$bSpringer Berlin Heidelberg,$cc2016.
=300  \\$a906 p. :$bil. ;$c25 cm.
=490  0\$aGraduate texts in physics
=504  \\$aIncluye referencias bibliográficas (883-884 p.) e índice.
=520  \\$aThis textbook summarizes the basic knowledge of atomic, nuclear, and radiation physics that professionals working in medical physics and biomedical engineering need for efficient and safe use of ionizing radiation in medicine. Concentrating on the underlying principles of radiation physics, the textbook covers the prerequisite knowledge for medical physics courses on the graduate and post-graduate levels in radiotherapy physics, radiation dosimetry, imaging physics, and health physics, thus providing the link between elementary undergraduate physics and the intricacies of four medical physics specialties: diagnostic radiology physics, nuclear medicine physics, radiation oncology physics, and health physics. To recognize the importance of radiation dosimetry to medical physics three new chapters have been added to the 14 chapters of the previous edition. Chapter 15 provides a general introduction to radiation dosimetry. Chapter 16 deals with absolute radiation dosimetry systems that establish absorbed dose or some other dose related quantity directly from the signal measured by the dosimeter. Three absolute dosimetry techniques are known and described in detail: (i) calorimetric; (ii) chemical (Fricke), and (iii) ionometric. Chapter 17 deals with relative radiation dosimetry systems that rely on a previous dosimeter calibration in a known radiation field. Many relative radiation dosimetry systems have been developed to date and four most important categories used routinely in medicine and radiation protection are described in this chapter: (i) Ionometric dosimetry; (ii) Luminescence dosimetry; (iii) Semiconductor dosimetry; and (iv) Film dosimetry. The book is intended as a textbook for a radiation physics course in academic medical physics graduate programs as well as a reference book for candidates preparing for certification examinations in medical physics sub-specialties. It may also be of interest to many professionals, not only physicists, who in their daily occupations deal with various aspects of medical physics or radiation physics and have a need or desire to improve their understanding of radiation physics.
=020  \\$a9783319253800
=100  1\$aPodgorsak, Ervin B.
=080  \\$a615.849
=650  \7$aIonizing radiations$2inist
=650  \7$aNuclear medicine$2inist
=650  \7$aRadiology$2inist
=650  \7$aRadiaciones ionizantes$2inist
=650  \7$aMedicina nuclear$2inist
=650  \7$aRadiología$2inist
=690  \\$aMaestría en Física Médica
=010  \\$a##2016940000
=040  \\$aDLC$beng$cDLC$erda$dDLC$darbccab
=856  41$uhttps://images-na.ssl-images-amazon.com/images/I/51sGf0SQTtL.%5FSX330%5FBO1,204,203,200%5F.jpg$3Tapa
=856  41$uhttp://campi.cab.cnea.gov.ar/tocs/23531.pdf$3Indice
=005  20180227144944.0
=003  AR-BCCAB
=942  \\$cBK
=952  \\$2udc$aPOST$bPOST$d2017-11-30$g$i20023531$o615.849 P751 Ed.3$p20023531$yBK
