=LDR  00000cam##22000005a#4500

=001  018616
=008  171201s1994####enkd###f#b####001#0#und#d
=245  10$aMultidimensional solid-state NMR and polymers /$cKalus Schmidt-Rohr and Hans Wolfgang Spiess.
=260  \\$aLondon :$bAcademic Press Limited,$cc1994.
=300  \\$a478 p. :$bil. ;$c25 cm.
=520  \\$aNMR spectroscopy is the most valuable and versatile analytical tool in chemistry. While excellent monographs exist on high-resolution NMR in liquids and solids, this is the first book to address multidimensional solid-state NMR. Multidimensional techniques enable researchers to obtain detailed information about the structure, dynamics, orientation, and phase separation of solids, which provides the basis of a better understanding of materials properties on the molecular level.Dramatic progress-much of it pioneered by the authors-has been achieved in this area, especially in synthetic polymers. Solid-state NMR now favorably competes with well-established techniques, such as light, x-ray, or neutron scattering, electron microscopy, and dielectric and mechanical relaxation. The application of multidimensional solid-state NMR inevitably involves use of concepts from different fields of science. This book also provides the first comprehensive treatment of both the new experimental techniques and the theoretical concepts needed in more complex data analysis. The text addresses spectroscopists and polymer scientists by treating the subject on different levels; descriptive, technical, and mathematical approaches are used when appropriate. It presents an overview of new developments with numerous experimental examples and illustrations, which will appeal to readers interested in both the information content as well as the potential of solid-state NMR. The book also contains many previously unpublished details that will be appreciated by those who want to perform the experiments. The techniques described are applicable not only to the study of synthetic polymers but to numerous problems in solid-state physics, chemistry, materials science, and biophysics. Presents original theories and new perspectives on scattering techniques Provides a systematic treatment of the whole subject Gives readers access to previously unpublished material Includes extensive illustrations.
=020  \\$a0126266301
=100  1\$aSchmidt-Rohr, Kalus.
=700  1\$aWolfgang Spiess, Hans.
=080  \\$a537.635:539.143.43
=650  \7$aSpectroscopy$2inist
=650  \7$aPolymers$2inist
=650  \7$aEspectroscopía$2inist
=650  \7$aPolímeros$2inist
=653  \\$aNuclear magnetic resonance spectroscopy
=653  \\$aMaterials properties
=653  \\$aResonancia magnética nuclear espectroscópica
=040  \\$aarbccab$bspa
=856  41$uhttps://images-na.ssl-images-amazon.com/images/I/51UctfKmQNL.%5FSX331%5FBO1,204,203,200%5F.jpg$3Tapa
=856  41$uhttp://campi.cab.cnea.gov.ar/tocs/23535.pdf$3Indice
=005  20180227123848.0
=003  AR-BCCAB
=942  \\$cBK
=952  \\$2udc$aPOST$bPOST$d2017-11-30$g$i20023535$o537.635:539.143.43 Sch559$p20023535$yBK
