=LDR  00000nam##22000005a#4500

=001  018634
=008  100429s2011####njud#####b####001#0#eng##
=245  00$aSusceptibility weighted imaging in MRI : basic concepts and clinical applications /$cedited by E. Mark Haacke, Jurgen R. Reichenbach.
=260  \\$aHoboken, N.J. :$bWiley-Blackwell,$cc2011.
=300  \\$axvi, 743 p. :$bil. (some col.) ;$c26 cm.
=504  \\$aIncluye referencias bibliográficas e índice.
=520  \\$aMRI Susceptibility Weighted Imaging discusses the promising new MRI technique called Susceptibility Weighted Imaging (SWI), a powerful tool for the diagnosis and treatment of acute stroke, allowing earlier detection of acute stroke hemorrhage and easier detection of microbleeds in acute ischemia. The book is edited by the originators of SWI and features contributions from the top leaders in the science. Presenting an even balance between technical/scientific aspects of the modality and clinical application, this book includes over 100 super high-quality radiographic images and 100 additional graphics and tables.
=020  \\$a9780470043431 (cloth)
=700  1\$aHaacke, E. Mark.
=700  1\$aReichenbach, Jurgen R.
=080  \\$a537.635
=650  \0$xMagnetic resonance imaging.
=650  \7$aBrain$2inist
=650  \7$aMagnetic resonance$2inist
=650  \7$aCerebro$2inist
=650  \7$aResonancia magnética$2inist
=650  12$aMagnetic Resonance Imaging$xmethods.
=653  \\$aCerebrovascular disease
=653  \\$aMagnetic resonance imaging
=653  \\$aSusceptibility weighted imaging
=653  \\$aAcute stroke
=653  \\$aAcute stroke hemorrhage
=653  \\$aAcute ischemia
=653  \\$aEnfermedad cerebrovascular
=010  \\$a##2010018432
=040  \\$aDNLM/DLC$cDLC$dDLC$bspa$darbccab
=856  41$uhttps://images-na.ssl-images-amazon.com/images/I/510L7Hdx8gL.%5FSY291%5FBO1,204,203,200%5FQL40%5F.jpg$3Tapa
=856  41$uhttp://campi.cab.cnea.gov.ar/tocs/23563.pdf$3Indice
=005  20180306160328.0
=003  AR-BCCAB
=942  \\$cBK
=952  \\$2udc$aPOST$bPOST$d20180306$g$i20023563$o537.635 H11$p20023563$yBK
