=LDR  00000cam##2200000#a#4500

=001  018640
=008  180307s2014####si#d###f#b####011#0#eng#d
=245  00$aPhysics of strings :$ba numerical method, second edition /$cSam Gueller.
=250  \\$a2nd ed.
=260  \\$aEE.UU,$cc2014.
=300  \\$a391 p. :$bil. (some col.)
=504  \\$aIncluye referencias bibliográficas e índice.
=520  \\$aTo begin with we adopt a framework to encompass valid theories and data of the real world. The whole process is described as an example model which takes four Chapters and one Appendix. Then is applied standard Numeric Computational Engineering modeling techniques to compute strings, stream of strings, strings of radiation, strings of four types of forces, strings of sub particles, strings of particles, strings of all elements of the Periodic Table, to end up with a proposed structure of the atomic nucleus from the bottom of the Planck Scale up to the macro scale, chemistry, and its significance to Cosmology. There was no found prior intent to present physical characteristic of strings and was assumed that it would be of value to continue modeling what best is known of the structure of matter. This process and its results are worth to analyze, not only because provides non-symbolic solution to problems but the emergence of new equations and formulas will be over time of generalized use. Physicists are aware of the limitations of symbolic string and super string theories, then modeling as engineers do could be of great importance, even if it is a step to perfection. The attraction of numerical computations resides in its simplicity and finality to prove truth.
=020  \\$a9781499221183
=100  1\$aGueller, Sam.
=080  \\$a539.12
=650  \7$aPhysics$2inist
=650  \7$aFísica$2inist
=653  \\$aStrings
=653  \\$aNumerical method
=653  \\$aCuerdas
=653  \\$aMétodos numéricos
=040  \\$aarbccab$bspa
=856  41$uhttp://campi.cab.cnea.gov.ar/tocs/tapas/23582.jpg$3Tapa
=856  41$uhttp://campi.cab.cnea.gov.ar/tocs/23582.pdf$3Indice
=005  20180307155030.0
=003  AR-BCCAB
=942  \\$cBK
=952  \\$2udc$aPOST$bPOST$d20180307$i20023582$o539.12 G934$p20023582$yBK
