=LDR  00000nam##22000005a#4500

=001  018668
=008  790419s1979####nyu####f#b####001#0aeng##
=245  10$aDisturbing the universe /$cFreeman Dyson.
=250  \\$a1st ed.
=260  \\$aNew York :$bHarper & Row,$cc1979.
=300  \\$ax, 283 p. ;$c24 cm.
=504  \\$aIncluye referencias bibliográficas e índice.
=520  \\$aSpanning the years from World War II, when he was a civilian statistician in the operations research section of the Royal Air Force Bomber Command, through his studies with Hans Bethe at Cornell University, his early friendship with Richard Feynman, and his postgraduate work with J. Robert Oppenheimer, Freeman Dyson has composed an autobiography unlike any other. Dyson evocatively conveys the thrill of a deep engagement with the world-be it as scientist, citizen, student, or parent. Detailing a unique career not limited to his groundbreaking work in physics, Dyson discusses his interest in minimizing loss of life in war, in disarmament, and even in thought experiments on the expansion of our frontiers into the galaxies.
=020  \\$a0060111089
=020  \\$a0063370046
=100  1\$aDyson, Freeman J.
=080  \\$a929 DYSON
=650  \0$aPhysicists$zUnited States$xBiography
=650  \0$aScience
=010  \\$a###78020665#
=040  \\$aDLC$bspa$darbccab$cDLC$dDLC
=856  41$uhttps://images-na.ssl-images-amazon.com/images/I/51PPl3Sv7xL.%5FSX341%5FBO1,204,203,200%5F.jpg$3Tapa
=856  41$uhttp://campi.cab.cnea.gov.ar/tocs/23614.pdf$3Indice
=005  20180622160502.0
=003  AR-BCCAB
=942  \\$cBK
=952  \\$2udc$aPOST$bPOST$i20023614$o929 DYSON D995$p20023614$yBK
