=LDR  00000cam##2200000#a#4500

=001  018669
=008  020717s2002####dcud###g#b####001#0#eng#d
=245  10$aIntegrity in scientific research :$bcreating an environment that promotes responsible conduct /$cCommittee on Assessing Integrity in Research Environments, Board on Health Sciences Policy and Division of Earth and Life Studies, Institute of Medicine, National Research Council of the National Academies.
=260  \\$aWashington, D.C. :$bThe National Academies Press,$cc2002.
=300  \\$axiv, 202 p. :$bil. ;$c23 cm.
=504  \\$aIncluye referencias bibliográficas e índice.
=505  0\$aExecutive summary -- 1. Introduction -- 2. Integrity in research -- 3. The Research environment and its impact on integrity in research -- 4. Institutional approaches to fostering integrity in research -- 5. Promoting integrity in research through education -- 6. Evaluation by self-assessment -- 7. Concluding remarks and recommendations -- Appendixes
=520  \\$a"Many people say that it is the intellect which makes a great scientist. They are wrong: it is character." -- Albert Einstein Integrity in Scientific Research attempts to define and describe those elements that encourage individuals involved with scientific research to act with integrity. Recognizing the inconsistency of human behavior, it stresses the important role that research institutions play in providing an integrity--rich environment, citing the need for institutions to provide staff with training and education, policies and procedures, and tools and support systems. It identifies practices that characterize integrity in such areas as peer review and research on human subjects and weighs the strengths and limitations of self--evaluation efforts by these institutions. In addition, it details an approach to promoting integrity during the education of researchers, including how to develop an effective curriculum. Providing a framework for research and educational institutions, this important book will be essential for anyone concerned about ethics in the scientific community.
=530  \\$aAlso available on the Internet.
=500  \\$a"Support for this project was provided by the Office of Research Integrity, U.S. Department of Health and Human Services."--T.p. verso.
=020  \\$a0309085233
=020  \\$a0309084792 (pbk.)
=110  2\$aInstitute of Medicine (U.S.).$bCommittee on Assessing Integrity in Research Environments.
=710  2\$aNational Research Council (U.S.)
=710  1\$aUnited States.$bOffice of the Assistant Secretary for Health.$bOffice of Research Integrity.
=080  \\$a174
=650  \0$aResearch$xMoral and ethical aspects.
=650  \0$aIntegrity.
=010  \\$a##2002110217
=040  \\$bspa$darbccab$aNAA$cNAA$dDLC
=856  41$uhttps://images-na.ssl-images-amazon.com/images/I/51drgECNJ-L.%5FSX330%5FBO1,204,203,200%5F.jpg$3Tapa
=005  20180622141217.0
=003  AR-BCCAB
=942  \\$cBK
=952  \\$2udc$aPOST$bPOST$i20023615$o174 C737$p20023615$yBK
