=LDR  00000cam##2200000#a#4500

=001  018671
=008  090917s2009####dcud###f#b####001#0#eng##
=245  10$aEnsuring the integrity, accessibility, and stewardship of research data in the digital age /$cCommittee on Ensuring the Utility and Integrity of Research Data in a Digital Age, Committee on Science, Engineering, and Public Policy.
=260  \\$aWashington, D.C. :$bNational Academies Press,$cc2009.
=300  \\$axvi, 162 p. :$bil. ;$c23 cm.
=504  \\$aIncluye referencias bibliográficas e índice.
=505  0\$aResearch data in the digital age -- Ensuring the integrity of research data -- Ensuring access to research data -- Promoting the stewardship of research data -- Defining roles and responsibilities.
=520  \\$aAs digital technologies are expanding the power and reach of research, they are also raising complex issues. These include complications in ensuring the validity of research data; standards that do not keep pace with the high rate of innovation; restrictions on data sharing that reduce the ability of researchers to verify results and build on previous research; and huge increases in the amount of data being generated, creating severe challenges in preserving that data for long-term use. Ensuring the Integrity, Accessibility, and Stewardship of Research Data in the Digital Age examines the consequences of the changes affecting research data with respect to three issues - integrity, accessibility, and stewardship-and finds a need for a new approach to the design and the management of research projects. The report recommends that all researchers receive appropriate training in the management of research data, and calls on researchers to make all research data, methods, and other information underlying results publicly accessible in a timely manner. The book also sees the stewardship of research data as a critical long-term task for the research enterprise and its stakeholders. Individual researchers, research institutions, research sponsors, professional societies, and journals involved in scientific, engineering, and medical research will find this book an essential guide to the principles affecting research data in the digital age.
=530  \\$aAlso available via the Internet for purchase as a PDF file and can be viewed at no cost on the National Academies Press website.
=020  \\$a9780309136846 (pbk.)
=020  \\$a0309136849 (pbk.)
=020  \\$a9780309136853 (pdf)
=020  \\$a0309136857 (pdf)
=110  2\$aCommittee on Science, Engineering, and Public Policy (U.S.).$bCommittee on Ensuring the Utility and Integrity of Research Data in a Digital Age.
=080  \\$a167:004.222
=650  \0$aResearch$xTechnological innovations.
=650  \0$aInformation technology$xScientific applications.
=650  \0$aElectronic information resources$xManagement$zUnited States.
=650  \0$aElectronic information resources$xAccess control.
=010  \\$a##2009036322
=040  \\$aDLC$cDLC$dDLC$bspa$darbccab
=856  41$uhttps://images-na.ssl-images-amazon.com/images/I/417Ev-DyNyL.%5FSX331%5FBO1,204,203,200%5F.jpg$3Tapa
=005  20180622135531.0
=003  AR-BCCAB
=942  \\$cBK
=952  \\$2udc$aPOST$bPOST$i20023617$o167:004.222 C737$p20023617$yBK
