=LDR  00000cam##2200000#a#4500

=001  018672
=008  180406s2010####ag#a###g######001#0#und#d
=245  10$aImpresiones cósmicas :$blas huellas de Dios en las leyes de la naturaleza /$cWalter Thirring ; traducido por Arturo López Dávalos y José Ignacio Castro.
=250  \\$a1ra ed.
=260  \\$aBuenos Aires :$bLibros del Zorzal,$cc2010.
=300  \\$a247 p. :$bilust. ; imag. ;$c21 cm.
=520  \\$aCon la solvencia de quien ha realizado importantes aportes a la Fisica y a la Cosmologia modernas, el autor invita a acompanarlo en este viaje a traves de la evolucion del Universo. Amenizan el texto sus recuerdos de Einstein, Heisenberg y otros creadores de la imagen actual del Cosmos. Desde el big-bang, pasando por la formacion de las particulas elementales, los elementos quimicos, las estrellas y nuestro sistema planetario, todo surge de acuerdo a las leyes naturales, sin embargo la razon no parece suficiente para explicarlo todo. Y si bien Thirring recurre siempre a la idea de un Arquitecto, deja al lector la libertad de disfrutar de la lectura sin imponerle su cosmovision.
=020  \\$a9789875991309
=100  1\$aThrring, Walter.
=700  1\$aLópez Dávalos, Arturo.
=700  1\$aCastro, José Ignacio.
=080  \\$a524.85
=650  \7$aCosmos$2inist
=650  \7$aCosmology$2inist
=650  \7$aGalactic evolution$2inist
=650  \7$aCosmos$2inist
=650  \7$aCosmología$2inist
=650  \7$aEvolución de las galaxias$2inist
=040  \\$aarbccab$bspa
=856  41$uhttps://images-na.ssl-images-amazon.com/images/I/414BVgpYmSL.%5FSY291%5FBO1,204,203,200%5FQL40%5F.jpg$3Tapa
=856  41$uhttp://campi.cab.cnea.gov.ar/tocs/23618.pdf$3Indice
=005  20180629100725.0
=003  AR-BCCAB
=942  \\$cBK
=952  \\$2udc$aPOST$bPOST$i20023618$o524.85 T349$p20023618$yBK
