=LDR  00000nam##22000005a#4500

=001  018691
=008  180606s2006####caud###f#b####001#0#eng##
=245  10$aLinear algebra and its applications /$cGilbert Strang.
=250  \\$a4th ed.
=260  \\$aIndia :$bBrooks/Cole India,$cc2006.
=300  \\$aviii, [488] p. :$bil. ;$c24 cm.
=504  \\$aIncluye soluciones de ejercicios seleccionados [429-473].
=520  \\$a4th Edition printed by Brooks Cole India. Same content as the hardcover version. Pages are printed in black and white.
=020  \\$a9788131501726
=020  \\$a8131501728
=100  1\$aStrang, Gilbert.
=080  \\$a512.64
=650  \0$aAlgebras, Linear.
=650  \7$aLinear algebra$2Lemb
=650  \7$aAlgebras lineales.$2Lemb
=010  \\$a###87083019#
=040  \\$aDLC$bspa$darbccab$cDLC$dDLC
=856  41$uhttps://images-na.ssl-images-amazon.com/images/I/41ILiZCXACL.%5FSX425%5FBO1,204,203,200%5F.jpg$3Tapa
=856  41$uhttp://campi.cab.cnea.gov.ar/tocs/23637.pdf$3Indice
=005  20180615151912.0
=003  AR-BCCAB
=082  00$a512/.5$219
=942  \\$cBK
=952  \\$2udc$aPOST$bPOST$d2018-06-06$i20023637$o512.64 S82 Ed.4$p20023637$yBK
