=LDR  00000nam##2200000#a#4500

=001  018693
=008  180612s2017####sp#d###f#b####001#0#und#d
=245  10$aIntroducción al no equilibrio :$bmecánica estadística y termodinámica /$cMiguel Hoyuelos.
=260  \\$aBarcelona :$bReverté,$cc2017.
=300  \\$a280 p. :$bil. ;$c24 cm.
=520  \\$aUn remolino se frena hasta esfumarse. Una gota de tinta se disuelve en el agua. Un objeto caliente se enfría en contacto con otro a temperatura menor. Son ejemplos simples de fenómenos ubicuos en la naturaleza; la característica en común es que son procesos fuera del equilibrio. Este libro es una introducción a las herramientas que permiten el estudio de esos sistemas. Está dirigido a estudiantes avanzados, o de postgrado, que ya tengan conocimientos de mecánica estadística y termodinámica de sistemas de equilibrio. Los temas han sido desarrollados de tal forma que permiten adquirir un panorama global de las posibles situaciones y de los posibles enfoques de estudio, destacando las conexiones que existen entre temas que a primera vista pueden parecer desligados.
=020  \\$a9788429143652
=100  1\$aHoyuelos, Miguel.
=080  \\$a531.19:536.7
=650  \7$aThermodynamics$2inist
=650  \7$aStatical mechanics$2inist
=650  \7$aTermodinámica$2inist
=650  \7$aMecánica estadística$2inist
=040  \\$aarbccab$bspa
=856  41$uhttps://images-na.ssl-images-amazon.com/images/I/41N87U7PnwL.%5FSX343%5FBO1,204,203,200%5F.jpg$3Tapa
=856  41$uhttp://campi.cab.cnea.gov.ar/tocs/23644.pdf$3Indice
=005  20180614121514.0
=003  AR-BCCAB
=942  \\$cBK
=952  \\$2udc$aPOST$bPOST$d2018-06-01$eC/C Importación de Publicaciones$g$i20023644$o531.19:536.7 H856$p20023644$yBK
