=LDR  00000nam##22000005a#4500

=001  018694
=008  010604s2001####vaud###f#b####001#0#eng##
=245  10$aEarly developments of modern aerodynamics /$cJ. A. D. Ackroyd, B. P. Axcell, and A. I. Ruban.
=260  \\$aReston, VA :$bAIAA ;$aOxford :$bButterworth-Heinemann,$c2001.
=300  \\$a248 p. :$bil. ;$c25 cm.
=504  \\$aIncluye referencias bibliográficas e índice.
=520  \\$aThe key developments in modern flight dynamics were founded at the beginning of the 20th century by Russian and German scientists and engineers. These papers are presented in English for the first time, many of which have never been translated.
=020  \\$a0750651334
=100  1\$aAckroyd, J. A. D.
=700  1\$aAxcell, B. P.
=700  1\$aRuban, A. I.
=080  \\$a533.6
=650  \7$aAerodynamics$2inist
=650  \7$aAerodinámica$2inist
=010  \\$a##2001037428
=040  \\$aDLC$cDLC$dDLC$bspa$darbccab
=856  41$uhttps://images-na.ssl-images-amazon.com/images/I/51sHChCxwFL.%5FSX331%5FBO1,204,203,200%5F.jpg$3Tapa
=856  41$uhttp://campi.cab.cnea.gov.ar/tocs/23645.pdf$3Indice
=005  20180614130218.0
=003  AR-BCCAB
=082  00$a629.132/3/009$221
=942  \\$cBK
=952  \\$2udc$aPOST$bPOST$d2018-06-01$eC/C Importaciones de Publicaciones -BLF$g$i20023645$o533.6 Ac58$p20023645$yBK
