=LDR  00000cam##22000004a#4500

=001  018695
=008  161115t20172017enkd###f#b####001#0#eng#c
=245  12$aA first course in computational fluid dynamics /$cH. Aref (Virginia Polytechnic Institute and State University), S. Balachandar (University of Florida).
=250  \\$a1ra ed.
=264  \0$aNew York, NY :$bCambridge University Press,$cc2018.
=300  \\$aix, 394 p. :$bil. ;$c25 cm.
=504  \\$aIncluye referencias bibliográficas e índice.
=505  0\$aCFD in perspective -- Mappings -- Ordinary differential equations: initial value problem -- Spatial discretization -- Boundary and eigenvalue value ODEs -- Methods based on functional expansions -- Partial differential equations -- Multi-dimensional partial differential equations.
=520  \\$aFluid mechanics is a branch of classical physics that has a rich tradition in applied mathematics and numerical methods. It is at work virtually everywhere, from nature to technology. This broad and fundamental coverage of computational fluid dynamics (CFD) begins with a presentation of basic numerical methods and flows into a rigorous introduction to the subject. A heavy emphasis is placed on the exploration of fluid mechanical physics through CFD, making this book an ideal text for any new course that simultaneously covers intermediate fluid mechanics and computation. Ample examples, problems and computer exercises are provided to allow students to test their understanding of a variety of numerical methods for solving flow physics problems, including the point-vortex method, numerical methods for hydrodynamic stability analysis, spectral methods and traditional CFD topics.
=020  \\$a9781316630969
=100  1\$aAref, Hassan,$d1950-$eauthor.
=700  1\$aBalachandar, S.,$eauthor.
=080  \\$a532.5
=080  \\$a532.5
=650  \0$aComputational fluid dynamics$vTextbooks.
=650  \7$aFluid mechamics$2inist
=650  \7$aComputational fluid dynamics$2inist
=650  \7$aMecánica de fluidos$2inist
=650  \7$aDinámica de fluidos computacional$2inist
=010  \\$a##2016052764
=040  \\$aOU/DLC$darbccab$beng
=856  41$uhttps://images-na.ssl-images-amazon.com/images/I/51y58Nubn%2BL.%5FSX351%5FBO1,204,203,200%5F.jpg$3Tapa
=856  41$uhttp://campi.cab.cnea.gov.ar/tocs/23646.pdf$3Indice
=005  20180614130238.0
=003  AR-BCCAB
=082  00$a532/.0501515$223
=942  \\$cBK
=952  \\$2udc$aPOST$bPOST$d2018-06-01$g$i20023646$o532.5 Ar31$p20023646$yBK
