=LDR  00000cam##22000008a#4500

=001  018734
=008  181024s2017####xx#d###f######001#0#und#d
=245  10$aOcho lupas sobre la comunicación de la ciencia /$cElena Gasparri y María Soledad Casasola (comp.).
=250  \\$a1era. ed.
=260  \\$aRosario :$bUNR Editora,$cc2017.
=300  \\$a174 p. :$bIl ;$c22 cm.
=500  \\$aEste libro contiene un capítulo "Nuevos desafíos para la comunicación" de la autoría de la Investigadora Dr. Astrid Bengtsson.
=520  \\$aOcho lupas sobre la comunicación de la ciencia presenta la mirada particular de los investigadores Ana María Vera, Carina Cortassa, Astrid Bengtsson; María Soledad Casasola, Antonio Mangione, Elena Gasparri, Sandra Murriello y Carmen Polino.
=020  \\$a9789877022438
=100  1\$aGasparri, Elena.,$ecomp.
=700  1\$aCasasola, María Soledad.,$ecomp.
=080  \\$a001.92
=650  \7$aDivulgación científica
=650  \7$aComunicación científica
=653  \\$aScientific divulgation
=653  \\$aScientific communication
=040  \\$aarbccab$bspa
=856  41$uhttp://campi.cab.cnea.gov.ar/tocs/tapas/23687.jpg$3Tapa
=856  41$uhttp://campi.cab.cnea.gov.ar/tocs/23687.pdf$3Indice
=005  20181210151044.0
=003  AR-BCCAB
=942  \\$cBK
=952  \\$2udc$aPOST$bPOST$d2018-10-22$i20023687$o001.92 G213$p20023687$yBK
