=LDR  00000nam##22000005a#4500

=001  018803
=008  180425s2018####enkd###f#b####001#0#eng##
=245  10$aBerry phases in electronic structure theory /$cDavid Vanderbilt (Rutgers University, New Jersey).
=260  \\$aCambridge :$bCambridge University Press,$cc2018.
=300  \\$ax, 384 p. :$bil. ;$c25 cm.
=520  \\$aOver the past twenty-five years, mathematical concepts associated with geometric phases have come to occupy a central place in our modern understanding of the physics of electrons in solids. These 'Berry phases' describe the global phase acquired by a quantum state as the Hamiltonian is changed. Beginning at an elementary level, this book provides a pedagogical introduction to the important role of Berry phases and curvatures, and outlines their great influence upon many key properties of electrons in solids, including electric polarization, anomalous Hall conductivity, and the nature of the topological insulating state. It focuses on drawing connections between physical concepts and provides a solid framework for their integration, enabling researchers and students to explore and develop links to related fields. Computational examples and exercises throughout provide an added dimension to the book, giving readers the opportunity to explore the central concepts in a practical and engaging way.
=504  \\$aIncluye referencias bibliográficas e índice.
=505  0\$aIntroduction -- Invariance and quantization of charges and currents -- Review of electronic structure theory -- Berry phases and curvatures -- Electric polarization -- Topological insulators and semimetals -- Orbital magnetization and axion magnetoelectric coupling.
=020  \\$a9781107157651 (hardback)
=100  1\$aVanderbilt, David,$eauthor.
=080  \\$a538.915
=650  \7$aElectronic structure$2inist
=650  \7$aPolarization$2inist
=650  \7$2inist
=650  \7$aEstructura electrónica$2inist
=650  \7$aPolarización$2inist
=653  \\$aElectric polarization
=653  \\$aBerry phases
=653  \\$aBerry curvature
=653  \\$aPolarización eléctrica
=653  \\$aFases de Berry
=653  \\$aCurvaturas de Berry
=010  \\$a##20180184
=040  \\$aDLC$darbccab$beng$erda$cDLC
=856  41$uhttps://images-na.ssl-images-amazon.com/images/I/51cBSm13CpL.%5FSX348%5FBO1,204,203,200%5F.jpg$3Tapa
=856  41$uhttp://campi.cab.cnea.gov.ar/tocs/23761.pdf$3Indice
=005  20190211120354.0
=003  AR-BCCAB
=942  \\$cBK
=952  \\$2udc$aPOST$bPOST$d2018-12-21$g$i20023761$o538.915 V283$p20023761$yBK
