=LDR  00000cam##22000008a#4500

=001  018804
=008  170329s2017####nyud###f#b####001#0#eng##
=245  00$aMicrocavities /$cAlexey V. Kavokin, Jeremy J. Baumberg, [et al].
=250  \\$a2da ed.
=260  \\$aOxford ;$aNew York, NY :$bOxford University Press,$cc2017.
=300  \\$axxx, 592 p. :$bil. (algunas color) ;$c24 cm.
=490  0\$aSeries on semiconductor science and technology ;$v16
=490  0\$aOxford science publications
=504  \\$aIncluye referencias bibliográficas e índice.
=520  \\$aMicrocavities are semiconductor, metal, or dielectric structures providing optical confinement in one, two or three dimensions. At the end of the 20th century, microcavities have attracted attention due to the discovery of a strong exciton-light coupling regime allowing for the formation of superposition light-matter quasiparticles: exciton-polaritons. In the following century several remarkable effects have been discovered in microcavities, including the Bose-Einstein condensation of exciton-polaritons, polariton lasing, superfluidity, optical spin Hall and spin Meissner effects, amongst other discoveries. Currently, polariton devices exploiting the bosonic stimulation effects at room temperature are being developed by laboratories across the world. This book addresses the physics of microcavities: from classical to quantum optics, from a Boltzmann gas to a superfluid. It provides the theoretical background needed for understanding the complex phenomena in coupled light-matter systems, and it presents a broad overview of experimental progress in the physics of microcavities.
=020  \\$a9780198782995 (hardback : alk. paper)
=100  1\$aKavokin, Alexey V.
=700  1\$aBaumberg, Jeremy J.
=700  1\$aMalpuech, Guillaume.
=700  1\$aLaussy, Fabrice P.
=080  \\$a538.9
=650  \7$aPolaritons$2inist
=650  \7$aSuperfluidity$2inist
=650  \7$aPolaritones$2inist
=650  \7$aSuperfluidez$2inist
=653  \\$aMicrocavities
=653  \\$aSemiconductor structures
=653  \\$aPhysics of microcavities
=653  \\$aMicrocavidades
=653  \\$aEstructuras semiconductoras
=653  \\$aFísica de microcavidades
=010  \\$a##2017938216
=040  \\$aDLC$darbccab$beng$erda$cDLC$dDLC
=856  41$uhttps://images-na.ssl-images-amazon.com/images/I/41cVSf%2Bvn1L.%5FSX326%5FBO1,204,203,200%5F.jpg$3Tapa
=856  41$uhttp://campi.cab.cnea.gov.ar/tocs/23762.pdf$3Indice
=005  20190212080844.0
=003  AR-BCCAB
=942  \\$cBK
=952  \\$2udc$aPOST$bPOST$d2018-12-21$g$i20023762$o538.9 K178 Ed.2$p20023762$yBK
