=LDR  00000cam##2200000#a#4500

=001  018809
=008  020605s2002####enkd#####b####001#0#eng##
=245  14$aThe theory of open quantum systems /$cHeinz-Peter Breuer and Francesco Petruccione.
=260  \\$aOxford ;$aNew York :$bOxford University Press,$cc2002.
=300  \\$axxi, 613 p. :$bil. ;$c25 cm.
=504  \\$aIncluye referencias bibliográficas e índice.
=520  \\$aThis book treats the central physical concepts and mathematical techniques used to investigate the dynamics of open quantum systems. To provide a self-contained presentation the text begins with a survey of classical probability theory and with an introduction into the foundations of quantum mechanics with particular emphasis on its statistical interpretation. The fundamentals of density matrix theory, quantum Markov processes and dynamical semigroups are developed. The most important master equations used in quantum optics and in the theory of quantum Brownian motion are applied to the study of many examples. Special attention is paid to the theory of environment induced decoherence, its role in the dynamical description of the measurement process and to the experimental observation of decohering Schrodinger cat states. The book includes the modern formulation of open quantum systems in terms of stochastic processes in Hilbert space. Stochastic wave function methods and Monte Carlo algorithms are designed and applied to important examples from quantum optics and atomic physics, such as Levy statistics in the laser cooling of atoms, and the damped Jaynes-Cummings model. The basic features of the non-Markovian quantum behaviour of open systems are examined on the basis of projection operator techniques. In addition, the book expounds the relativistic theory of quantum measurements and discusses several examples from a unified perspective, e.g. non-local measurements and quantum teleportation. Influence functional and super-operator techniques are employed to study the density matrix theory in quantum electrodynamics and applications to the destruction of quantum coherence are presented. The text addresses graduate students and lecturers in physics and applied mathematics, as well as researchers with interests in fundamental questions in quantum mechanics and its applications. Many analytical methods and computer simulation techniques are developed and illustrated with the help of numerous specific examples. Only a basic understanding of quantum mechanics and of elementary concepts of probability theory is assumed.
=020  \\$a9780199213900
=100  1\$aBreuer, Heinz-Peter,$d1961-
=700  1\$aPetruccione, F.$q(Francesco)
=080  \\$a530.145
=650  \7$aQuantum mechanics$2inist
=650  \7$aStatistics$2inist
=650  \7$aQuantum systems$2inist
=650  \7$aMecánica cuántica$2inist
=650  \7$aEstadística$2inist
=650  \7$aSistemas cuánticos$2inist
=653  \\$aProbability theory
=653  \\$aTeoría de la probabilidad
=690  \\$aMaestría en Física Medica
=010  \\$a##2002075713
=040  \\$aUKM$cUKM$dDLC$darbccab$bspa
=856  41$3Tapa$uhttps://images-na.ssl-images-amazon.com/images/I/41MYgjnQyfL.%5FSX330%5FBO1,204,203,200%5F.jpg
=856  41$3Indice$uhttp://campi.cab.cnea.gov.ar/tocs/23771.pdf
=005  20190313100302.0
=003  AR-BCCAB
=942  \\$cBK
=952  \\$2udc$aPOST$bPOST$d20190313$eNuñez Alfredo$g$i20023771$o530.145 B757$p20023771$yBK
