=LDR  00000pam##2200000#a#4500

=001  018810
=008  130610s2014####maud###f#b####001#0#eng##
=245  10$aAnalyzing neural time series data :$btheory and practice /$cMike X. Cohen.
=264  \0$aCambridge, Massachusetts :$bThe MIT Press,$cc2014
=300  \\$axviii, 578 p., 16 unnumbered pages of plates :$billustrations ;$c24 cm.
=490  0\$aIssues in clinical and cognitive neuropsychology
=504  \\$aIncluye referencias bibliográficas e índice.
=520  \\$aA comprehensive guide to the conceptual, mathematical, and implementational aspects of analyzing electrical brain signals, including data from MEG, EEG, and LFP recordings. This book offers a comprehensive guide to the theory and practice of analyzing electrical brain signals. It explains the conceptual, mathematical, and implementational (via Matlab programming) aspects of time-, time-frequency- and synchronization-based analyses of magnetoencephalography (MEG), electroencephalography (EEG), and local field potential (LFP) recordings from humans and nonhuman animals. It is the only book on the topic that covers both the theoretical background and the implementation in language that can be understood by readers without extensive formal training in mathematics, including cognitive scientists, neuroscientists, and psychologists. Readers who go through the book chapter by chapter and implement the examples in Matlab will develop an understanding of why and how analyses are performed, how to interpret results, what the methodological issues are, and how to perform single-subject-level and group-level analyses. Researchers who are familiar with using automated programs to perform advanced analyses will learn what happens when they click the "analyze now" button. The book provides sample data and downloadable Matlab code. Each of the 38 chapters covers one analysis topic, and these topics progress from simple to advanced. Most chapters conclude with exercises that further develop the material covered in the chapter. Many of the methods presented (including convolution, the Fourier transform, and Euler's formula) are fundamental and form the groundwork for other advanced data analysis methods. Readers who master the methods in the book will be well prepared to learn other approaches.
=020  \\$a9780262019873 (hardcover : alk. paper)
=100  1\$aCohen, Mike X.,$d1979-
=080  \\$a681.3:519.713
=650  \7$aNeural networks$2inist
=650  \7$aArtificial intelligence$2inist
=650  \7$aRedes neuronales$2inist
=650  \7$aInteligencia artificial$2inist
=653  \\$aElectrical brain signals
=653  \\$aSeñales eléctricas del cerebro
=653  \\$aMagnetoencephalography
=653  \\$aMagnetoencefalografía
=653  \\$aElectroencephalography
=653  \\$aElectroencefalografía
=690  \\$aMaestría en Física Medica
=010  \\$a##2013016461
=040  \\$aDLC$beng$cDLC$erda$dDLC$darbccab
=856  41$uhttp://campi.cab.cnea.gov.ar/tocs/23775.pdf$3Indice
=856  41$uhttps://images-eu.ssl-images-amazon.com/images/I/418L2R8dRfL.jpg$3Tapa
=005  20190313145757.0
=003  AR-BCCAB
=942  \\$cBK
=952  \\$2udc$aPOST$bPOST$d20190313$eNuñez Alfredo$g$i20023775$o681.3:519.713 C660$p20023775$yBK
