=LDR  00000cam##2200000#a#4500

=001  018811
=008  030429s2003####ne#d###f#b####001#0#eng##
=245  04$aThe science of color /$cedited by Steven K. Shevell.
=250  \\$a2nd ed.
=260  \\$aAmsterdam ;$aBoston :$bElsevier ;$a[United States] :$bOptical Society of America,$cc2003.
=300  \\$aix, 339 p. :$bil. (some col.), col. map ;$c27 cm.
=504  \\$aIncluye referencias bibliográficas e índice.
=520  \\$aThe Science of Color focuses on the foundations of modern color science. Written for a broad scientific audience, the book reviews principles and facts with enduring value for understanding the interdisciplinary field of color, drawing from physics, physiology and psychology. The level and breadth of coverage are appropriate for anyone with a scientific background and an interest in color, including computer scientists, engineers, neuroscientists, physicians, physicists, physiologists and psychologists. Each chapter begins with a detailed outline that summarizes the organization and breadth of its material. The outlines are valuable guides to chapter structure, and useful navigation tools for finding material at the reader's preferred level of depth. The legendary original edition of The Science of Color was written by a committee of 23, and published by the Optical Society of America (OSA) in 1953. It was sold for more than 40 years after eight printings. This second edition is completely new, and written by a smaller group of distinguished experts. Among the 11 authors are eight OSA fellows, five past or present chairs of the OSA Color Technical Group, and the two most recent editors for color at the Journal of the Optical Society of America A. The topics in every chapter are covered by recognized authorities.
=020  \\$a0444512519 (acid-free paper)
=020  \\$a9780444540201
=700  1\$aShevell, Steven K.
=710  2\$aOptical Society of America.
=080  \\$a535.6
=650  \7$aPhysics$2inist
=650  \7$aPhysiology$2inist
=650  \7$aPsychology$2inist
=650  \7$aFísica$2inist
=650  \7$aFisiología$2inist
=650  \7$aPsicología$2inist
=650  \7$aColor$2inist
=690  \\$aMaestría de Física Médica
=010  \\$a##2003106330
=040  \\$aDLC$cDLC$dDLC$bspa$darbccab
=856  41$uhttp://campi.cab.cnea.gov.ar/tocs/23776.pdf$3Indice
=856  41$uhttps://images-na.ssl-images-amazon.com/images/I/41L2WgManmL.%5FSX373%5FBO1,204,203,200%5F.jpg$3Tapa
=005  20190313161754.0
=003  AR-BCCAB
=942  \\$cBK
=952  \\$2udc$aPOST$bPOST$d20190313$eNuñez Alfredo$g$i20023776$o535.6 Ed.2 Sh595$p20023776$yBK
