=LDR  00000cam##2200000#a#4500

=001  018812
=008  001107s2000####nyud###f#b####001#0#eng##
=245  10$aColor science :$bconcepts and methods, quantitative data and formulae /$cGünther Wyszecki, W.S. Stiles.
=250  \\$a2nd ed.
=260  \\$aNew York :$bJohn Wiley & Sons,$cc2000.
=300  \\$axv, 950 p. :$bil. ;$c26 cm.
=490  0\$aWiley classics library
=500  \\$a"A Wiley-Interscience publication."
=504  \\$aIncluye referencias bibliográficas (p. 885-923) e índice.
=520  \\$aThis paperback reprint of a classic book deals with all phases of light, color, and color vision, providing comprehensive data, formulas, concepts, and procedures needed in basic and applied research in color vision, colorimetry, and photometry.
=020  \\$a0471399183 (Classsics Edition)
=020  \\$a9780471399186
=100  1\$aWyszecki, Gunther.
=700  1\$aStiles, W. S.$q(Walter Stanley),$d1901-
=080  \\$a535.65
=650  \7$aColor$2inist
=650  \7$aLight$2inist
=650  \7$aPhotometry$2inist
=650  \7$aColorimetry$2inist
=650  \7$aLuz$2inist
=650  \7$aFotometría$2inist
=650  \7$aColorimetría$2inist
=690  \\$aMaestría en Física Medica
=010  \\$a###00709679#
=040  \\$aDLC$cDLC$dDLC$bspa$darbccab
=856  41$uhttps://images-na.ssl-images-amazon.com/images/I/41uVfj6arbL.%5FSX348%5FBO1,204,203,200%5F.jpg$3Tapa
=856  41$uhttp://campi.cab.cnea.gov.ar/tocs/23777.pdf$3Indice
=005  20190314161937.0
=003  AR-BCCAB
=942  \\$cBK
=952  \\$2udc$aPOST$bPOST$d2019-03-18$eNuñez, Alfredo$g$i20023777$o535.65 W996 Ed.2$p20023777$yBK
