=LDR  00000cam##2200000#a#4500

=001  018813
=008  110802s2011####si#d###f#b####001#0#eng##
=245  10$aAdvances in atomic physics :$ban overview /$cClaude Cohen-Tannoudji, David Guéry-Odelin.
=260  \\$aSingapore ;$aHackensack, NJ :$bWorld Scientific,$cc2011.
=300  \\$axxv, 767 p. :$bil. (some col.) ;$c26 cm.
=504  \\$aIncluye referencias bibliográficas e índice.
=520  \\$aThis book presents a comprehensive overview of the spectacular advances seen in atomic physics during the last 50 years. The authors explain how such progress was possible by highlighting connections between developments that occurred at different times. They discuss the new perspectives and the new research fields that look promising. The emphasis is placed, not on detailed calculations, but rather on physical ideas. Combining both theoretical and experimental considerations, the book will be of interest to a wide range of students, teachers and researchers in quantum and atomic physics.
=020  \\$a9789812774965 (hardcover : alk. paper)
=020  \\$a9812774963 (hardcover : alk. paper)
=020  \\$a9789812774972 (pbk. : alk. paper)
=020  \\$a9812774971 (pbk. : alk. paper)
=100  1\$aCohen-Tannoudji, Claude,$d1933-
=700  1\$aGuéry-Odelin, David.
=080  \\$a539.18
=650  \7$aAtomic physics$2inist
=650  \7$aFísica atómica$2inist
=653  \\$aQuantum physics
=653  \\$aFísica cuántica
=690  \\$aMaestría en Física Médica
=010  \\$a##2011028321
=040  \\$aDLC$cDLC$dYDX$dYDXCP$dBWX$dDLC$bspa$darbccab
=856  41$uhttps://images-na.ssl-images-amazon.com/images/I/51dHAaD3yzL.%5FSX339%5FBO1,204,203,200%5F.jpg$3Tapa
=856  41$uhttp://campi.cab.cnea.gov.ar/tocs/23778.pdf$3Indice
=005  20190314161613.0
=003  AR-BCCAB
=942  \\$cBK
=952  \\$2udc$aPOST$bPOST$d2019-02-18$eNuñez, Alfredo$g$i20023778$o539.18 C660$p20023778$yBK
