=LDR  00000cam##22000004a#4500

=001  018814
=008  180707s20182018gw#d###f#b####001#0#eng#d
=245  00$aWind turbine airfoils and blades :$boptimization design theory /$cJin Chen, Quan Wang.
=260  \\$aBerlin ;$aBeijing :$bDe Gruyter :$bScience Press,$cc2018.
=300  \\$axii, 380 p. :$billustrations ;$c25 cm.
=490  1\$aGreen alternative energy resources ;$vVol. 3
=504  \\$aIncluye referencias bibliográficas (p. 371-380).
=520  \\$aWind Turbine Airfoils and Blades introduces new ideas in the design of wind turbine airfoils and blades based on functional integral theory and the finite element method, accompanied by results from wind tunnel testing. The authors also discuss the optimization of wind turbine blades as well as results from aerodynamic analysis. This book is suitable for researchers and engineers in aeronautics and can be used as a textbook for graduate students.
=020  \\$a9783110344219$q(hd.bd.)
=020  \\$a3110344211$q(hd.bd.)
=020  \\$z9783110383744$q(ePUB)
=020  \\$z9783110344394$q(set)
=700  1\$aChen, Jin,$eeditor,$eauthor.
=700  1\$aWang, Quan,$eeditor,$eauthor,$etranslator.
=700  1\$aSun, Zhenye,$etranslator.
=830  \0$aGREEN alternative energy resources ;$vv. 3.
=080  \\$a620.91
=650  \0$aWind turbines$2inist
=650  \0$aOptimization$2inist
=650  \0$aAerodynamics$2inist
=650  \7$aTurbinas eólicas$2inist
=650  \7$aOptimización$2inist
=650  \7$aAerodinámica$2inist
=653  \\$aTurbinas de vientos
=653  \\$aAerogeneradores eólicos
=690  \\$aIngeniería Mecánica
=010  \\$a##2018286497
=016  7\$a112479087X$2GyFmDB
=024  3\$a9783110344219
=040  \\$aOHX$beng$cOHX$erda$dOCLCO$dYDX$dWAU$dOCLCF$dDLC$darbccab
=856  41$uhttps://images-na.ssl-images-amazon.com/images/I/41Z7gWgNAnL.%5FSX328%5FBO1,204,203,200%5F.jpg$3Tapa
=856  41$uhttp://campi.cab.cnea.gov.ar/tocs/23781.pdf$3Indice
=005  20190322145713.0
=003  AR-BCCAB
=942  \\$cBK
=952  \\$2udc$aPOST$bPOST$d2019-01-18$eNuñez, Alfredo$g$i20023781$o620.91 C420$p20023781$yBK
