=LDR  00000cam##22000007a#4500

=001  018815
=008  071115s2008####nyud###f#bf###001#0#eng##
=245  00$aPump handbook /$cedited by Igor J. Karassik ... [et al.].
=250  \\$a4th ed.
=260  \\$aNew York :$bMcGraw-Hill,$cc2008.
=300  \\$axx :$bil. ;$c24 cm.
=504  \\$aIncluye referencias bibliográficas e índice.
=520  \\$aThe Fourth Edition of the Pump Handbook features: State-of-the-art guidance on every aspect of pump theory, design, application, and technology Over 100 internationally renowned contributors SI units used throughout the book New sections on centrifugal pump mechanical performance, flow analysis, bearings, adjustable-speed drives, and application to cryogenic LNG services; completely revised sections on pump theory, mechanical seals, intakes and suction piping, gears, and waterhammer; application to pulp and paper mills Inside This Updated Guide to Pump Technology  Classification and Selection of Pumps  Centrifugal Pumps  Displacement Pumps  Solids Pumping  Pump Sealing  Pump Bearings  Jet Pumps  Materials of Construction  Pump Drivers and Power Transmission  Pump Noise  Pump Systems  Pump Services  Intakes and Suction Piping  Selecting and Purchasing Pumps  Installation, Operation, and Maintenance  Pump Testing  Technical Data
=020  \\$a0071460446 (alk. paper)
=020  \\$a9780071460446 (alk. paper)
=700  1\$aKarassik, Igor J.,$d1911-
=700  1\$aMessina, Joseph P.
=700  1\$aCooper, Paul.
=700  1\$aHeald, Charles C.
=080  \\$a621.65(021)
=650  \0$aPumping machinery$vHandbooks, manuals, etc.
=650  \7$aPumps$2inist
=650  \7$aCintrifugal pumps$2inist
=650  \7$aBombas$2inist
=650  \7$aBombas centrífugas$2inist
=653  \\$aFlow analysis
=653  \\$aBearings
=653  \\$aFlujo análisis
=653  \\$aRodamientos
=690  \\$aIngeniería Mecánica
=010  \\$a##2007047471
=016  7\$a013828389$2Uk
=040  \\$aDLC$cDLC$dBAKER$dC#P$dUKM$dYDXCP$dBTCTA$dDLC$bspa$darbccab
=856  41$uhttps://images-na.ssl-images-amazon.com/images/I/51Rume9OLQL.%5FSX312%5FBO1,204,203,200%5F.jpg$3Tapa
=856  41$uhttp://campi.cab.cnea.gov.ar/tocs/23782.pdf$3Indice
=005  20190318113302.0
=003  AR-BCCAB
=942  \\$cBK
=952  \\$2udc$aPOST$bPOST$d2019-01-18$eNuñez, Alfredo$g$i20023782$o621.65(021) K144 Ed.4$p20023782$yBK
