=LDR  00000cam##2200000#a#4500

=001  018817
=008  930104s1993####njud###f#bf###001#0#eng##
=245  10$aHigh-speed digital design :$ba handbook of black magic /$cHoward W. Johnson, Martín Graham.
=260  \\$aEnglewood Cliffs, N.J. :$bPrentice Hall,$cc1993.
=300  \\$axi, 447 p. :$bil. ;$c25 cm.
=500  \\$aIncluye indice.
=520  \\$aFocusing on a combination of digital and analog circuit theory, this comprehensive volume will help engineers who work with digital systems, shorten their product development cycles, and fix their latest high-speed design problems. *Covers signal reflection, crosstalk, and noise problems that occur in high-speed digtal machines (above 10 megahertz). *lncludes checklists that ask the questions an experienced designer would about a new system. *Offers useful formulas for inductance, capacitance, resistance, rise time, and Q. *Explains the trade-offs between signal cross talk, mechanical fabrication of tolerances, and trace routing density. *Presents a methodology for determining how many layrs will be required to route a printed circuit board.
=020  \\$a0133957241
=020  \\$a9780133957242
=100  1\$aJohnson, Howard W.
=700  1\$aGraham, Martín,$d1926-
=080  \\$a621.391
=650  \7$aDigital sistems$2inist
=650  \7$aSignals$2inist
=650  \7$aData transmission$2inist
=650  \7$aAnalog systems$2inist
=650  \7$aSistemas digitales$2inist
=650  \7$aSeñales$2inist
=650  \7$aDatos de transmisión$2inist
=650  \7$aSistemas analógicos$2inist
=690  \\$aIngeniería en Telecomunicaciones
=010  \\$a###93000027#
=040  \\$aDLC$cDLC$dDLC$bspa$darbccab
=856  41$uhttps://images-na.ssl-images-amazon.com/images/I/51c7yMRwJwL.%5FSX379%5FBO1,204,203,200%5F.jpg$3Tapa
=856  41$uhttp://campi.cab.cnea.gov.ar/tocs/23785.pdf$3Indice
=005  20190322111023.0
=003  AR-BCCAB
=942  \\$cBK
=952  \\$2udc$aPOST$bPOST$d2019-01-18$eNuñez, Alfredo$g$i20023785$o621.391 J630$p20023785$yBK
