=LDR  00000pam##2200000#a#4500

=001  018818
=008  971212s1998####nyud###f#bf###001#0#eng##
=245  00$aHandbook of heat transfer /$cWarren M. Rohsenow, J.P. Hartnett, Young I. Cho.
=250  \\$a3rd ed.
=260  \\$aNew York :$bMcGraw-Hill,$cc1998.
=300  \\$axx, 1 v. (varias páginas) :$bil. ;$c25 cm.
=490  0\$aMcGraw-Hill handbooks
=504  \\$aIncluye referencias bibliográficas e índice.
=520  \\$aPublisher's Note: Products purchased from Third Party sellers are not guaranteed by the publisher for quality, authenticity, or access to any online entitlements included with the product. A single reference source covering all aspects of heat transfer problem-solving in engineering. Written by the most eminentengineering authorities in the field, this authoritative and comprehensive Handbook has now been completely revised and updated to include all the latest advances in heat transfer principals with special coverage of micro scale heat transfer...heat transfer in materials processing...new heat transfer augmentation techniques...thermophysical properties of new refrigerants...innovative heat exchanger methods. The staff of expert contributors covers the essential heat transfer issues involved in every industrial and environmental process, as well as in energy production and transport. Designed to be the one and only source book the engineer needs, the Handbook presents key, fundamental subjects in condensed, readable form for on-the-job use. New findings in conduction, convection, radiation, and multi-phase heat transfer are also presented. The authors have kept the discussions of theory to a minimum, focusing more on a practical, hands-on-approach, to meet the day-to-day needs of engineers, designers, and technicians.
=020  \\$a0070535558 (alk. paper)
=020  \\$a9780070535558
=700  1\$aRohsenow, Warren M.
=700  1\$aHartnett, J. P.$q(James P.)
=700  1\$aCho, Young I.
=080  \\$a536.24
=650  \7$aHeat transfer$2inist
=650  \7$aMass transfer$2inist
=650  \7$aTransferencia de calor$2inist
=650  \7$aTransferencia de masas$2inist
=690  \\$aIngeniería Nuclear
=690  \\$aIngeniería Mecánica
=690  \\$aMaestría Ingeniería
=010  \\$a###97051381#
=040  \\$aDLC$cDLC$dDLC$bspa$darbccab
=856  41$uhttps://images-na.ssl-images-amazon.com/images/I/41MDdXItWJL.%5FSX372%5FBO1,204,203,200%5F.jpg$3Tapa
=856  42$uhttp://campi.cab.cnea.gov.ar/tocs/23786.pdf$3Indice
=005  20190318152534.0
=003  AR-BCCAB
=942  \\$cBK
=952  \\$2udc$aPOST$bPOST$d2019-01-18$eNuñez, Alfredo$g$i20023786$o536.24(021) R636 Ed.3$p20023786$yBK
