=LDR  00000cam##2200000#a#4500

=001  018819
=008  130719s2012####njud#####b####001#0#eng##
=245  14$aThe Langevin equation :$bwith applications to stochastic problems in physics, chemistry and electrical engineering /$cWilliam T. Coffey, Trinity College, Ireland, Yuri P. Kalmykov.
=250  \\$a3rd ed.
=260  \\$a[River Edge], New Jersey :$bWorld Scientific,$cc2012.
=300  \\$axxii, 827 p. :$bil. ;$c24 cm.
=490  0\$aWorld Scientific series in contemporary chemical physics ;$v27
=504  \\$aIncluye referencias bibliográfica e índice.
=520  \\$aThis volume is the third edition of the first-ever elementary book on the Langevin equation method for the solution of problems involving the translational and rotational Brownian motion of particles and spins in a potential highlighting modern applications in physics, chemistry, electrical engineering, and so on. In order to improve the presentation, to accommodate all the new developments, and to appeal to the specialized interests of the various communities involved, the book has been extensively rewritten and a very large amount of new material has been added. This has been done in order to present a comprehensive overview of the subject emphasizing via a synergetic approach that seemingly unrelated physical problems involving random noise may be described using virtually identical mathematical methods in the spirit of the founders of the subject, viz., Einstein, Langevin, Smoluchowski, Kramers, etc. The book has been written in such a way that all the material should be accessible both to an advanced researcher and a beginning graduate student. It draws together, in a coherent fashion, a variety of results which have hitherto been available only in the form of scattered research papers and review articles.
=020  \\$a9789814355667 (hardback)
=100  1\$aCoffey, William,$d1948-
=700  1\$aKalmykov, Yuri. P.
=080  \\$a517.9
=650  \7$aParticles$2inist
=650  \7$aLangevin equation$2inist
=650  \7$aBrownian movement$2inist
=650  \7$aSpin$2inist
=650  \7$aPartículas$2inist
=650  \7$aEcuación de langevin$2inist
=650  \7$aMovimiento browniano$2inist
=650  \7$aEspin$2inist
=690  \\$aFísica
=010  \\$a##2013431015
=040  \\$aDLC$beng$cDLC$erda$dDLC$darbccab
=856  41$uhttps://images-na.ssl-images-amazon.com/images/I/51SimYz7qKL.%5FSX336%5FBO1,204,203,200%5F.jpg$3Tapa
=856  41$uhttp://campi.cab.cnea.gov.ar/tocs/23787.pdf$3Indice
=005  20190318151041.0
=003  AR-BCCAB
=942  \\$cBK
=952  \\$2udc$aPOST$bPOST$d2019-01-18$eNuñez, Alfredo$g$i20023787$o517.9 C654 Ed.3$p20023787$yBK
