=LDR  00000cam##2200000#a#4500

=001  018820
=008  760312s1911####nyud###f#b####000#0#eng##
=245  10$aHydraulic turbines :$btheir design and installation /$cViktor Gelpke and A.H. Van Cleve.
=260  \\$aNew York :$bMcGraw-Hill Book Company,$cc1911.
=300  \\$aix, 288 p. :$bil., diagrs. (part fold.) ;$c24 cm.
=500  \\$a"The book now issued is to a large extent a translation of a German work entitled 'Turbinen und turbinen anlagen' written by Mr. Viktor Gelpke."--Pref.
=520  \\$aThis early work first published in 1911 by Viktor Gelpke is both expensive and hard to find in its first edition. It details the mechanics of hydraulic turbines, their accessories, construction and notable turbine installations. This is a fascinating read for anyone interested in hydraulic engineering and its historical applications. Many of the earliest books, particularly those dating back to the 1900s and before, are now extremely scarce. We are republishing these classic works in affordable, high quality, modern editions, using the original text and artwork.
=100  1\$aGelpke, Viktor.
=700  1\$aVan Cleve, Aaron Howell,$d1868-
=080  \\$a62-82
=650  \7$aHydraulic turbine$2inist
=650  \7$aTurbines$2inist
=650  \7$aTurbinas hidráulicas$2inist
=650  \7$aTurbinas$2inist
=653  \\$aIngeniería hidráulica
=690  \\$aIngeniería Mecánica
=010  \\$a###11000630#
=040  \\$aDLC$cOClU$dOCoLC$dDLC$bspa$darbccab
=041  1\$aeng$hger
=856  41$uhttps://images-na.ssl-images-amazon.com/images/I/51TBhZNQ%2BzL.%5FSX322%5FBO1,204,203,200%5F.jpg$3Tapa
=856  41$uhttp://campi.cab.cnea.gov.ar/tocs/23788.pdf$3Indice
=005  20190318143219.0
=003  AR-BCCAB
=942  \\$cBK
=952  \\$2udc$aPOST$bPOST$d2019-01-18$eNuñez, Alfredo$g$i20023788$o62-82 G283$p20023788$yBK
