=LDR  00000cam##22000001a#4500

=001  018821
=008  140410s2014####waud###f#b####001#0#eng##
=245  10$aFiber optic sensors :$bfundamentals and applications /$cDavid Krohn, Trevor MacDougall, Alexis Mendez.
=250  \\$a4th ed.
=260  \\$aBellingham, Washington, USA :$bSPIE Press,$cc2014.
=300  \\$axiv, 315 p. :$bil. ;$c26 cm.
=504  \\$aIncluye referencias bibliográficas e indice.
=520  \\$aThis fourth edition of Fiber Optic Sensors is revised and updated to include the new sensing technologies emerging in broad commercial use, with a focus on scattering-based distributed sensing systems. In addition, a chapter was added to describe biophotonic sensing systems and their applications. This book covers a broad range of point sensors and distributed sensor technologies and their applications in a multiplicity of markets including energy, biomedical, smart structures, security, military, and process control. It illustrates how this portfolio of technologies has addressed many sensing problems that are difficult for conventional approaches and often require survival in extremely harsh conditions. With the addition of two authors who bring 75 years of combined experience in fiber optic sensor technology, this edition is a significant update and an excellent resource for any engineer who has an interest in advanced sensing systems.
=020  \\$a9781628411805
=100  1\$aKrohn, D. A.$q(David A)
=700  1\$aMacDougall, Trevor.
=700  1\$aMendez, Alexis.
=080  \\$a621.391.6
=650  \7$aOptical fibers$2inist
=650  \7$aSensors$2inist
=650  \7$aFibra óptica$2inist
=650  \7$aSensores$2inist
=653  \\$aAdvanced sensing systems
=653  \\$aBiophotonic sensing systems
=653  \\$aSistemas detección avanzados
=653  \\$aDetección biofotónicos
=690  \\$aIngeniería en Telecomunicaciones
=010  \\$a##2014009882
=040  \\$aDLC$beng$cDLC$erda$dDLC$darbccab
=856  41$uhttps://images-na.ssl-images-amazon.com/images/I/51sa8tleLBL.%5FSX327%5FBO1,204,203,200%5F.jpg$3Tapa
=856  41$uhttp://campi.cab.cnea.gov.ar/tocs/23789.pdf$3Indice
=005  20190322122451.0
=003  AR-BCCAB
=942  \\$cBK
=952  \\$2udc$aPOST$bPOST$d2019-01-18$eNuñez, Alfredo$g$i20023789$o621.391.6 K916 Ed.4$p20023789$yBK
