=LDR  00000cam##2200000#a#4500

=001  018822
=008  050331s20052000maud###f#b####001#0#eng##
=245  10$aStatistical and adaptive signal processing :$bspectral estimation, signal modeling, adaptive filtering, and array processing /$cDimitris G. Manolakis, Vinay K. Ingle, Stephen M. Kogon.
=260  \\$aBoston :$bArtech House,$cc2005.
=300  \\$axviii, 796 p. :$bil. ;$c26 cm.
=490  0\$aArtech House signal processing library
=500  \\$aOriginally published: Boston : McGraw-Hill, c2000.
=504  \\$aIncluye referencias bibliográficas (p. 769-785) e índice.
=520  \\$aThis authoritative volume on statistical and adaptive signal processing offers you a unified, comprehensive and practical treatment of spectral estimation, signal modeling, adaptive filtering, and array processing. Packed with over 3,000 equations and more than 300 illustrations, this unique resource provides you with balanced coverage of implementation issues, applications, and theory, making it a smart choice for professional engineers and students alike. From the fundamentals of discrete-time signal processing and linear signal models, to optimum linear filters and least-squares filtering and prediction, you get in-depth information on a broad range of critical topics from leading experts in industry and academia. This invaluable reference provides clear examples, problem sets, and computer experiments that help you master the material and learn how to implement various methods presented in the book. You also find a set of Matlab® functions that illustrate the use of various techniques and can be used to solve real-world problems in the field.
=020  \\$a1580536107 (alk. paper)
=020  \\$a97816308112034
=100  1\$aManolakis, Dimitris G.
=700  1\$aIngle, Vinay K.
=700  1\$aKogon, Stephen M.
=080  \\$a621.374
=650  \7$aSignal processing$2lemb
=650  \7$aSignal$2inist
=650  \7$aProcesamiento de señales$2inist
=650  \7$aSeñales$2inist
=653  \\$aSignal modeling
=653  \\$aArray processing
=653  \\$aModelado de señales
=653  \\$aProcesamiento de matrices
=690  \\$aIngeniería de Telecomunicaciones
=010  \\$a##2005045267
=040  \\$aDLC$cDLC$dDLC$bspa$darbccab
=050  00$aTK5102.9$b.M36 2005
=856  41$uhttps://images-na.ssl-images-amazon.com/images/I/41xeI3sb2sL.%5FSX398%5FBO1,204,203,200%5F.jpg$3Tapa
=856  41$uhttp://campi.cab.cnea.gov.ar/tocs/23790.pdf$3Indice
=005  20190322115109.0
=003  AR-BCCAB
=942  \\$cBK
=952  \\$2udc$aPOST$bPOST$d2019-01-18$eAlfredo Roberto Nuñez$g$i20023790$o621.374 M317$p20023790$yBK
