=LDR  00000cam##2200000#a#4500

=001  018823
=008  140722s20142014njud###f#b####001#0#eng#d
=245  10$aSensors, actuators, and their interfaces :$ba multidisciplinary introduction /$cNathan Ida.
=260  \\$aEdison, NJ :$bSciTech Publishing,$cc2014.
=300  \\$axx, 761 pages :$billustrations ;$c26 cm.
=520  \\$aThis undergraduate textbook introduces students to the principles and applications of sensors and actuators, crossing multiple disciplines including aerospace, biomedical, chemical, civil, electrical and mechanical engineering. An excellent professional reference for those needing to learn the basics of sensing and actuation, this book is a good choice for industry training seminars. This book &#147;connects the dots&#148; of theory and circuits basics into meaningful systems and real-world applications. Designed to introduce students and practitioners to the principles and applications of sensors and actuators, this book discusses processing hardware and the embedded systems software that connects them. It is written based on the theory that a system is made of three components: Inputs, Outputs and Processors and looks at sensors and actuators based on the broad area of detection. Important coverage is given to interfacing (the processes and mechanisms between the sensor and actuator) that make a system work reliably and accurately. The material is presented with clear explanations, examples and diagrams, making it ideal for students and practitioners concerned with systems engineering in a broad variety of fields, especially those that depend on sensors for detecting pre-determined conditions. Supplementary materials for professors are available via email to books@theiet.org.
=020  \\$a9781613530061
=020  \\$a1613530064
=100  1\$aIda, Nathan,$eauthor.
=080  \\$a621.317
=650  \7$aInterfaces$2inist
=650  \7$aSensors$2inist
=650  \7$aActuators$2inist
=650  \7$aInterfases$2inist
=650  \7$aAccionadores$2inist
=650  \7$aSensores$2inist
=650  \7$aAccionadores$2inist
=653  \\$aDetectores
=690  \\$aIngeniería Mecánica
=010  \\$a##2012276492
=040  \\$aMEU$cMEU$erda$dIPL$dYDXCP$dDLC$bspa$darbccab
=856  41$uhttps://images-na.ssl-images-amazon.com/images/I/51qsslvmyEL.%5FSX402%5FBO1,204,203,200%5F.jpg$3Tapa
=856  41$uhttp://campi.cab.cnea.gov.ar/tocs/23791.pdf$3Indice
=005  20190322140446.0
=003  AR-BCCAB
=942  \\$cBK
=952  \\$2udc$aPOST$bPOST$d2019-01-18$eNuñez, Alfredo$g$i20023791$o621.317 Id1$p20023791$yBK
