=LDR  00000cam##22000007a#4500

=001  018824
=008  190315s2008####xx#d###f#b####001#0#und#d
=245  10$aIntroduction to probability /$cDimitri P. Bertsekas and John N. Tsitsiklis.
=250  \\$a2nd ed.
=260  \\$aMassachusetts :$bAthena Scientific,$cc2008.
=300  \\$axi, [531 p.] :$bil. ;$c24 cm.
=504  \\$aIncluye referencias bibliográficas e indice.
=520  \\$aDevelops the basic concepts od probability, random variables, stochastic processes, lawn of large numbers, and the central limit theorem. New in the 2nd edition: two chapters on statical inference, wich allow the use of the book in combined probability and statistic courses. Illustrates the theory with many examples. Provides many theoretical problems that extend the book´s coverage and enhance its mathematical foundation (solutions are included in the text) Provides many exercises that enhance the understanding of the basic material (solution are poste don the publisher´s website). Is supplemented by many unsolved practice exercises and other supportive class material poste don the publisher´s website. Has been developed through extensive classroom use and experience.
=020  \\$a9781886529236
=100  1\$aBertsekas, Dimitri P.
=700  1\$aTsitsiklis. John N.
=080  \\$a519.21
=650  \7$aProbability$2inist
=650  \7$aStochastic processes$2inist
=650  \7$aProbabilidad$2inist
=650  \7$aProcesos estocásticos$2inist
=690  \\$aIngeniería en Telecomunicaciones
=040  \\$aarbccab$bspa
=856  41$uhttps://images-na.ssl-images-amazon.com/images/I/51YN28ow7rL.%5FSX389%5FBO1,204,203,200%5F.jpg$3Tapa
=856  41$uhttp://campi.cab.cnea.gov.ar/tocs/23793.pdf$3Indice
=005  20190322145451.0
=003  AR-BCCAB
=942  \\$cBK
=952  \\$2udc$aPOST$bPOST$d2019-01-18$eNuñez, Alfredo$g$i20023793$o519.21 B462 Ed.2$p20023793$yBK
