=LDR  00000nam##22000005a#4500

=001  018825
=008  190315s2006####xx#d###f#b####001#0#und#d
=245  10$aCardiovascular MRI :$bphysical principles to practical protocols /$cVivian S. Lee.
=260  \\$aPhyladelphia :$bLippincott Williams & Wilkins,$cc2006.
=300  \\$axiv, 402 p. :$bil. ;$c28 cm.
=504  \\$aIncluye referencias bibliográficas e índice.
=520  \\$aThis text equips radiologists with a firm working knowledge of the physical principles underlying cardiovascular MR image generation. Emphasis is on practical applications of MR physics in customizing and optimizing imaging sequences and protocols and minimizing artifacts. Section I covers basic principles of MR physics and includes a chapter on safety. Section II applies these principles to vascular imaging, including gadolinium-enhanced MR angiography. Section III examines various techniques and applications of cardiac MR imaging. Each chapter includes boxed Key Concepts, Challenging Questions, and Review Questions, and many chapters include sample protocols. More than 400 drawings and scans complement the text.
=020  \\$a9780781779968
=100  1\$aLee, Vivian S.
=080  \\$a537.635
=650  \7$aRadiology$2inist
=650  \7$aMagnetic Resonance$2inist
=650  \7$aImages$2inist
=650  \7$aRadiographs$2inist
=650  \7$aRadiología$2inist
=650  \7$aResonancia magnéticas$2inist
=650  \7$aImágenes$2inist
=650  \7$aRadiografías$2inist
=653  \\$aCardiovascular MRI
=653  \\$aResonancia magnética cardiovascular
=690  \\$aMaestría Física Médica
=040  \\$aarbccab$bspa
=856  41$uhttps://images-na.ssl-images-amazon.com/images/I/512JOUT6R9L.%5FSX382%5FBO1,204,203,200%5F.jpg$3Tapa
=856  41$uhttp://campi.cab.cnea.gov.ar/tocs/23780.pdf$3Indice
=005  20190326143928.0
=003  AR-BCCAB
=942  \\$cBK
=952  \\$2udc$aPOST$bPOST$d2019-02-18$eNuñez, Alfredo$g$i20023780$o537.635 L510$p20023780$yBK
