=LDR  00000nam##22000005a#4500

=001  018826
=008  190318s2009####xx#d###f#b####001#0#und#d
=245  10$aHydraulic machines :$bfluid machinery /$cR. K. Singal, Mridul Singal, Rishi Singal.
=260  \\$aBangalore :$bI. K. International publishing house,$cc2009.
=300  \\$axi, 310 p. :$bil. ;$c25 cm.
=520  \\$aHydraulic Machines: Fluid Machinery has been designed as a textbook for engineering students specializing in mechanical, civil, electrical, hydraulics, chemical and power engineering. The highlights of the book are simple language supported by analytical and graphical illustrations. A large number of theory questions and numerical problems with solution hints have been annexed at the end of every chapter. A large number of objective questions have been included to help the students opting for competitive examinations. Five case studies based on research have been included which can be advantageously used by practising engineers pursuing research design and consultancy careers. Complete design of hydraulic machines has been demonstrated with the help of suitable examples.
=020  \\$a9789380026015
=100  1\$aSingal, R. K.
=700  1\$aSingal, Mridul.
=700  1\$aSingal, Rishi.
=080  \\$a62-82
=650  \7$aHydraulics$2inist
=650  \7$aHidráulica$2inist
=653  \\$aHydraulic machines
=653  \\$aMaquinas hidráulicas
=690  \\$aIngeniería Mecánica
=040  \\$aarbccab$bspa
=856  41$uhttps://images-na.ssl-images-amazon.com/images/I/41haXBjFEmL.%5FSX321%5FBO1,204,203,200%5F.jpg$3Tapa
=856  41$uhttp://campi.cab.cnea.gov.ar/tocs/23794.pdf$3Indice
=005  20190326141024.0
=003  AR-BCCAB
=942  \\$cBK
=952  \\$2udc$aPOST$bPOST$d2019-02-11$eNuñez, Alfredo$g$i20023794$o62-82 Si641$p20023794$yBK
