=LDR  00000nam##22000005a#4500

=001  018827
=008  190320s2015####xx#d###f#b####001#0#und#d
=245  10$aSiemens step 7 (TIA portal) programming, a practical approach /$cJon Stenerson, David Deeg.
=260  \\$aUSA :$bCreatespace Independent Pub,$cc2015.
=300  \\$ai, 286 p. :$bil. ;$c28 cm.
=520  \\$aWe saw the need for an understandable book on Siemens Step 7 programming. The book includes a link to download a trial version of Siemens Step 7 (TIA Portal) software. We wanted the book to be practical, and also have breadth and depth of coverage. We also wanted it to be affordable for readers. There are many practical explanations and examples to illustrate and ease learning. There is also a step-by-step appendix on creating a project to ease the learning curve. The book covers various models of Siemens PLCs including S7-300, S7-1200, S7-400, and S7-1500. The coverage of project organization provides the basis for a good understanding of programming and project organization. The book covers ladder logic and Function Block Diagram (FBD) programming. Linear and modular programming are covered to provide the basis for an understanding of how an S7 project is organized and how it functions. There is In-depth coverage of ladder logic, timers, counters, math, special instructions, function blocks, and technology objects. Wiring and use of of I/O modules for various PLC models is covered. Sinking/sourcing, and the wiring of digital and analog modules are covered. There are also practical examples of the use and application of analog modules and their resolution. There is also a chapter that features step-by-step coverage on how to create a working HMI application. The setup and application of Technology Objects for PID and motion control are also covered. There are extensive questions and exercises for each chapter to guide and aide learning. The book includes answers to selected chapter questions and programming exercises.
=020  \\$a9781515220541
=020  \\$a1515220540
=100  1\$aStenerson, Jon.
=700  1\$aDeeg, David.
=080  \\$a681.3:519.682
=650  \7$aProgramming$2inist
=650  \7$aLineal programming$2inist
=650  \7$aProgramación$2inist
=650  \7$aProgramación lineal$2inist
=653  \\$aProgramación modular
=690  \\$aIngeniería Mecánica
=040  \\$aarbccab$bspa
=856  41$uhttps://images-na.ssl-images-amazon.com/images/I/41axE-seuSL.%5FSX384%5FBO1,204,203,200%5F.jpg$3Tapa
=856  41$uhttp://campi.cab.cnea.gov.ar/tocs/23795.pdf$3Indice
=005  20190322145620.0
=003  AR-BCCAB
=942  \\$cBK
=952  \\$2udc$aPOST$bPOST$d2019-01-18$eNuñez, Alfredo$g$i20023795$o681.3:519.682 St423$p20023795$yBK
