=LDR  00000nam##22000005a#4500

=001  018828
=008  190320s2000####xx#d###f#b####001#0#und#d
=245  10$aThe micro-hydro Pelton turbine manual :$bdesing, manufacture and installation for small-scale hydropower /$cJeremy Thake.
=250  \\$a1st ed.
=260  \\$cc2000.
=300  \\$axi, 180 p. :$bil. ;$c30 cm.
=504  \\$aIncluye referencias bibliográficas e indice.
=520  \\$aMicro-hydro is a useful way of providing power to houses, workshops or villages that need an independent supply. For many remote areas beyond the reach of a national grid, micro-hydro is the only economic option. Where flow is limited, but high heads are available, the Pelton wheel is one of the most useful turbines. The "Micro-hydro Pelton Turbine Manual" is written to enable the reader to design and manufacture Pelton turbines with capacities from a few hundred watts to around 100kw, though much of the information is relevant for larger units too. Aimed at readers with a general engineering workshop background, the emphasis is on simple technology, so that the turbines can be made in small workshops with basic engineering facilities. More advanced processes are discussed for those with access to better manufacturing facilities. As well as detailing all the important aspects of design, the book covers basic theory, turbine selection, manufacture, installation, testing and problem-solving. The manual is well illustrated and contains many comprehensive appendices, which include manufacturing reference information and the derivation of equations used.
=020  \\$a9781853394607
=100  1\$aThake, Jeremy.
=080  \\$a62-824
=650  \7$aTurbines$2inist
=650  \7$aDesign$2inist
=650  \7$aTurbinas$2inist
=650  \7$aDiseño$2inist
=653  \\$aManufacturing
=653  \\$aInstallation
=653  \\$aHydropower
=653  \\$aFabricación
=653  \\$aInstalación
=653  \\$aHidroelectricidad
=690  \\$aIngeniería Mecánica
=040  \\$aarbccab$bspa
=856  41$uhttps://images-na.ssl-images-amazon.com/images/I/51IqrJRJhHL.%5FSX350%5FBO1,204,203,200%5F.jpg$3Tapa
=856  41$uhttp://campi.cab.cnea.gov.ar/tocs/23796.pdf$3Indice
=005  20190322152652.0
=003  AR-BCCAB
=942  \\$cBK
=952  \\$2udc$aPOST$bPOST$d2019-03-18$eNuñez, Alfredo$g$i20023796$o62-824 T326 Ed.1$p20023796$yBK
