=LDR  00000nam##22000005a#4500

=001  018830
=008  920629s1993####enkd###f#b####001#0#eng##
=245  10$aStatistical analysis of circular data /$cN.I. Fisher.
=260  \\$aCambridge [England] ;$aNew York, NY, USA :$bCambridge University Press,$cc1993.
=300  \\$axviii, 277 p. :$bil., map ;$c26 cm.
=504  \\$aIncluye referencias bibliográficas (p. 257-267) e indice.
=520  \\$aAngles or two-dimensional orientations are found throughout science; in biology, geography, geophysics, medicine, meteorology and oceanography. This book provides a unified, up-to-date account of circular data-handling techniques, including data display, correlation, regression and tempered or spatially structured data analysis and general statistical developments in nonparametric smoothing and bootstrap-based methods.
=020  \\$a0521350182 (hardback)
=020  \\$a0521568900 (paperback)
=100  1\$aFisher, N. I.
=080  \\$a519.2
=650  \7$aData analysis$2inist
=650  \7$aAnálisis de datos$2inist
=653  \\$aCircular data
=653  \\$aStatistical analysis
=653  \\$aDatos circulares
=653  \\$aAnálisis estadístico
=690  \\$aIngeniería en Telecomunicaciones
=690  \\$aLicenciatura en Física
=010  \\$a###92023165#
=040  \\$aDLC$cDLC$dDLC$bspa$darbccab
=856  42$uhttps://images-na.ssl-images-amazon.com/images/I/414FfIBsrLL.%5FSX404%5FBO1,204,203,200%5F.jpg$3Tapa
=856  41$uhttp://campi.cab.cnea.gov.ar/tocs/23799.pdf$3Indice
=005  20190507093859.0
=003  AR-BCCAB
=082  00$a519.5$220
=942  \\$cBK
=952  \\$2udc$aPOST$bPOST$d2019-02-11$eEdiciones Journal$g$i20023799$o519.2 F531$p20023799$yBK
