=LDR  00000cam##2200000#a#4500

=001  018831
=008  151103s2016####ne#d###f#b####001#0#eng##
=245  10$aWire technology :$bprocess engineering and metallurgy /$cby Roger N. Wright.
=250  \\$a2nd ed.
=260  \\$aAmsterdam :$bElsevier,$cc2016.
=300  \\$axv, 324 pages :$billustrations ;$c24 cm.
=504  \\$aIncluye referencias bibliográficas e índice.
=520  \\$aWire Technology: Process Engineering and Metallurgy, Second Edition, covers new developments in high-speed equipment and the drawing of ultra-high strength steels, along with new computer-based design and analysis software and techniques, including Finite Element Analysis. In addition, the author shares his design and risk prediction calculations, as well as several new case studies. New and extended sections cover measurement and instrumentation, die temperature and cooling, multiwire drawing, and high strength steel wire. Coverage of process economics has been greatly enhanced, including an exploration of product yields and cost analysis, as has the coverage of sustainability aspects such as energy use and recycling. As with the first edition, questions and problems are included at the end of each chapter to reinforce key concepts. Written by an internationally-recognized specialist in wire drawing with extensive academic and industry experience Provides real-world examples, problems, and case studies that allow engineers to easily apply the theory to their workplace, thus improving productivity and process efficiency Covers both ferrous and non-ferrous metals in one volume
=020  \\$a9780128026502
=100  1\$aWright, Roger N.
=080  \\$a669
=650  \7$aSteels$2inist
=650  \7$aFinite element method$2inist
=650  \7$aAceros$2inist
=650  \7$aMétodo de elementos finitos$2inist
=653  \\$aWire technology
=653  \\$aStell wire
=653  \\$aFerrous metal
=653  \\$aTecnología de cableado
=653  \\$aAlambre acero
=653  \\$aMetales ferrosos
=010  \\$a##2015956573
=040  \\$aDLC$beng$cDLC$erda$darbccab
=856  41$uhttps://images-na.ssl-images-amazon.com/images/I/51wDJTWyn9L.%5FSX312%5FBO1,204,203,200%5F.jpg$3Tapa
=856  41$uhttp://campi.cab.cnea.gov.ar/tocs/23801.pdf$3Indice
=005  20190507094225.0
=003  AR-BCCAB
=942  \\$cBK
=952  \\$2udc$aPOST$bPOST$d2019-02-11$eEdiciones Journal$g$i20023801$o669 W930 Ed.2$p20023801$yBK
