=LDR  00000cam##2200000#a#4500

=001  018833
=008  060207s2007####fludf##f#b####001#0#eng##
=245  10$aSensors and actuators in mechatronics :$bdesign and applications /$cAndrzej M. Pawlak.
=260  \\$aBoca Raton, FL :$bCRC/Taylor & Francis,$cc2007.
=300  \\$a376 p. :$bil. (some col.) ;$c27 cm.
=504  \\$aIncluye referencias bibliográficas (p. 357-362) e índice.
=520  \\$aFrom large-scale industrial systems to components in consumer applications, mechatronics has woven itself into the very fabric of modern technology. Among the most important elements of mechatronic systems are electromagnetic sensors and electromechanical actuators. Cultivated over years of industrial and research experience, Sensors and Actuators in Mechatronics: Design and Applications builds a practical understanding of the features and functions of various electromagnetic and electromechanical devices necessary to meet specific industrial requirements. This work focuses on various components that receive less attention in the available literature, such as magnetic sensors, linear and latching solenoid actuators, stepper motors, rotary actuators, and other special magnetic devices including magnetic valves and heart pumps. Each chapter follows a consistent format, working from theory to design, applications, and numerical problems and solutions. Although the crux of the coverage is design and application, the author also discusses optimization and testing, introduces magnetic materials, and shares his enlightened perspective on the social and business aspects of developing world-class technologies. Examples from mainly the automotive industry illustrate the wide variety of mechatronic devices presented. Providing a complete picture from conception to completion, Sensors and Actuators in Mechatronics: Design and Applications places critical tools in the hands of any researcher or engineer seeking to develop innovative mechatronic systems.
=020  \\$a0849390133 (alk. paper)
=020  \\$a9780849390135
=100  1\$aPawlak, Andrzej M.
=080  \\$a621.317
=650  \0$aMechatronics
=650  \0$aOptical detectors
=650  \7$aSensors$2inist
=650  \7$aSensores$2inist
=653  \\$aMagnetic sensors
=653  \\$aMecatrónica
=653  \\$aDetectores ópticos
=653  \\$aSensores magnéticos
=690  \\$aIngeniería Mecánica
=010  \\$a##2006004129
=040  \\$aDLC$cDLC$dBAKER$dC#P$dDLC$bspa$darbccab
=856  41$uhttps://images-na.ssl-images-amazon.com/images/I/414bB8zroqL.%5FSX351%5FBO1,204,203,200%5F.jpg$3Tapa
=856  41$uhttp://campi.cab.cnea.gov.ar/tocs/23804.pdf$3Indice
=005  20190507093523.0
=003  AR-BCCAB
=942  \\$cBK
=952  \\$2udc$aPOST$bPOST$d2019-02-11$eNuñez, Alfredo$g$i20023804$o621.317 P289$p20023804$yBK
