=LDR  00000cam##22000004a#4500

=001  018834
=008  140218s2014####nyud###f#b####001#0#eng##
=245  10$aOptical network design and planning /$cJane M. Simmons.
=250  \\$a2nd ed.
=260  \\$aNew York :$bSpringer,$cc2014.
=300  \\$axxv, 516 p. :$billustrations ;$c24 cm.
=490  0\$aOptical networks,$x19353839
=504  \\$aIncluye referencias bibliográficas e índice.
=520  \\$aThis book takes a pragmatic approach to deploying state-of-the-art optical networking equipment in metro-core and backbone networks. The book is oriented towards practical implementation of optical network design. Algorithms and methodologies related to routing, regeneration, wavelength assignment, sub rate-traffic grooming and protection are presented, with an emphasis on optical-bypass-enabled (or all-optical) networks. The author has emphasized the economics of optical networking, with a full chapter of economic studies that offer guidelines as to when and how optical-bypass technology should be deployed. This new edition contains: new chapter on dynamic optical networking and a new chapter on flexible/elastic optical networks. Expanded coverage of new physical-layer technology (e.g., coherent detection) and its impact on network design and enhanced coverage of ROADM architectures and properties, including colorless, directionless, contentionless and gridless. Covers 'hot' topics, such as Software Defined Networking and energy efficiency, algorithmic advancements and techniques, especially in the area of impairment-aware routing and wavelength assignment. Provides more illustrative examples of concepts are provided, using three reference networks (the topology files for the networks are provided on a web site, for further studies by the reader). Also exercises have been added at the end of the chapters to enhance the book's utility as a course textbook.
=020  \\$a9783319052267
=020  \\$a97833190522674
=100  1\$aSimmons, Jane M.
=080  \\$a621.39
=653  \\$aOptical network
=653  \\$aOptical bypass
=653  \\$aDynamic optical networking
=653  \\$aFlexible optical networks
=653  \\$aEconomic aspects
=653  \\$aRedes ópticas
=653  \\$aBypass óptico
=653  \\$aRed óptica dinámica
=653  \\$aRedes ópticas flexibles
=653  \\$aAspectos economicos
=010  \\$a##2014933574
=040  \\$aDLC$beng$cDLC$erda$dDLC$darbccab
=856  42$uhttps://images-na.ssl-images-amazon.com/images/I/419-IWGq1FL.%5FSX313%5FBO1,204,203,200%5F.jpg$3Tapa
=856  42$uhttp://campi.cab.cnea.gov.ar/tocs/23805.pdf$3Índice
=005  20190507093551.0
=003  AR-BCCAB
=942  \\$cBK
=952  \\$2udc$aPOST$bPOST$d2019-02-11$eNuñez, Alfredo$g$i20023805$o621.39 Si472 Ed.2$p20023805$yBK
