=LDR  00000cam##2200000#a#4500

=001  018835
=008  830323s1983####gw#d###f#b####001#0#eng##
=245  10$aPrinciples of high resolution NMR in solids /$cM. Mehring.
=250  \\$a2nd, rev. and enl. ed.
=260  \\$aBerlin ;$aNew York :$bSpringer-Verlag,$cc1983.
=300  \\$aviii, 342 p. :$bil. ;$c25 cm.
=500  \\$aRev. ed. of: High resolution NMR spectroscopy in solids. 1976.
=504  \\$aIncluye referencias bibliográficas e índice.
=520  \\$aThe field of Nuclear Magnetic Resonance (NMR) has developed at a fascinating pace during the last decade. It always has been an extremely valuable tool to the organic chemist by supplying molecular "finger print" spectra at the atomic level. Unfortunately the high resolution achievable in liquid solutions could not be obtained in solids and physicists and physical chemists had to live with unresolved lines open to a wealth of curve fitting procedures and a vast amount of speculations. High resolution NMR in solids seemed to be a paradoxon. Broad structure­ less lines are usually encountered when dealing with NMR in solids. Only with the recent advent of mUltiple pulse, magic angle, cross-polarization, two-dimen­ sional and multiple-quantum spectroscopy and other techniques during the last decade it became possible to resolve finer details of nuclear spin interactions in solids. I have felt that graduate students, researchers and others beginning to get involved with these techniques needed a book which treats the principles, theo­ retical foundations and applications of these rather sophisticated experimental techniques. Therefore I wrote a monograph on the subject in 1976. Very soon new ideas led to the developement of "two-dimensional spectroscopy" and "multiple-quantum spectroscopy", topics which were not covered in the first edition of my book. Moreover an exponential growth of literature appeared in this area of research leaving the beginner in an awkward situation of tracing back from a current article to the roots of the experiment.
=020  \\$a0387118527 (U.S.)
=020  \\$a9783642687587
=100  1\$aMehring, M.,$d1937-
=080  \\$a537.635:539.184.2
=650  \0$aSolids$xSpectra.
=650  \7$aNuclear magnetic resonance$2inist
=650  \7$aSolids$2inist
=650  \7$aSpectroscopy$2inist
=650  \7$aResonancia magnética nuclear$2inist
=650  \7$aSólidos$2inist
=650  \7$aEspectroscopía$2inist
=653  \\$aTwo-dimensional spectroscopy
=653  \\$aMultiple-quantum spectroscopy
=653  \\$aEspectroscopía bidimensional
=653  \\$aEspectroscopia cuántica múltiple
=690  \\$aMaestría en Física Medica
=010  \\$a###82010827#
=040  \\$aDLC$cDLC$dDLC$bspa$darbccab
=856  41$uhttps://images-na.ssl-images-amazon.com/images/I/41ThdDaJ9QL.%5FSX346%5FBO1,204,203,200%5F.jpg$3Tapa
=856  41$uhttp://campi.cab.cnea.gov.ar/tocs/23813.pdf$3Indice
=005  20190507085410.0
=003  AR-BCCAB
=942  \\$cBK
=952  \\$2udc$aPOST$bPOST$d2019-02-11$eEdiciones Journal$g$i20023813$o537.635:539.184.2 M474 Ed.2$p20023813$yBK
