=LDR  00000cam#a2200000#a#4500

=001  018836
=008  140624s20142014maud###f#b####001#0#eng##
=245  10$aFunctional magnetic resonance imaging /$cScott A. Huettel, Allen W. Song, Gregory McCarthy.
=250  \\$a3rd ed.
=260  \\$aSunderland, Massachusetts, U.S.A. :$bSinauer Associates, Inc., Publishers,$cc2014.
=300  \\$axvi, [605 p.] :$bil. (some color) ;$c29 cm.
=504  \\$aIncluye referencias bibliográficas e índice.
=505  0\$aAn introduction to fMRI -- MRI scanners -- Basic principles of MR signal generation -- Basic principles of MR image formation -- MRI contrast mechanisms and acquisition techniques -- From neuronal to hemodynamic activity -- Properties of the fMRI bold response -- Signal, noise, and preprocessing of fMRI data -- Experimental design -- Statistical analysis I: basic analysis -- Statistical analysis II: data-driven approaches -- Advanced fMRI methods -- Combining fMRI with other techniques -- The future of fMRI: practical and ethical issues.
=520  \\$aPublished by Sinauer Associates, an imprint of Oxford University Press. Functional Magnetic Resonance Imaging was the first textbook to provide a true introduction to fMRI&#8213;one that presented material authoritatively and comprehensively, yet was accessible to undergraduate students, graduate students, and beginning researchers. This third edition features an updated discussion of the physiological basis of fMRI that includes recent discoveries about the origins of the BOLD response, new data-driven and computational approaches to fMRI data analysis, explanations of creative approaches to experimental design, and discussions of ethical and methodological controversies, among many other revisions. Examples are drawn both from seminal historical work and cutting-edge current research. Concepts are reinforced by numerous thought problems and illustrated with full-color figures, all revised for this edition to achieve a contemporary graphic look. Each chapter is accompanied by updated references and suggested readings.
=020  \\$a9780878936274 (casebound)
=020  \\$a0878936270 (casebound)
=100  1\$aHuettel, Scott A.,$d1973-
=700  1\$aSong, Allen W.,$d1971-
=700  1\$aMcCarthy, Gregory,$d1952-
=080  \\$a537.635
=650  \7$aMagnetic resonance$2inist
=650  \7$aResonancia magnética$2inist
=653  \\$aImágenes de resonancia magnética
=690  \\$aMaestría en Física Medica
=010  \\$a##2014025114
=040  \\$aDLC$beng$cDLC$erda$dDLC$darbccab
=856  41$uhttps://images-na.ssl-images-amazon.com/images/I/513NtzXl%2B6L.%5FSX373%5FBO1,204,203,200%5F.jpg$3Tapa
=856  41$uhttp://campi.cab.cnea.gov.ar/tocs/23814.pdf$3Indice
=005  20190507085312.0
=003  AR-BCCAB
=082  00$a616.8/047548$223
=942  \\$cBK
=952  \\$2udc$aPOST$bPOST$d2019-02-11$eEdiciones Journal$g$i20023814$o537.635 H871 Ed.3$p20023814$yBK
