=LDR  00000cam##2200000#a#4500

=001  018837
=008  190401s2010####xx#d###f#b####000#0#und#d
=245  10$aPractical approach to electroencephalography /$cMark H. Libenson.
=250  \\$a1ra ed.
=260  \\$aPhiladelphia :$bElvsevier,$cc2010.
=300  \\$axi, 335 p. :$bil. ;$c28 cm.
=504  \\$aIncluye referencia bibliográfica e índice.
=520  \\$aWhy consult encyclopedic references when you only need the essentials? Practical Approach to Electroencephalography, by Mark H. Libenson, MD, equips you with just the right amount of guidance you need for obtaining optimal EEG results! It presents a thorough but readable guide to EEGs, explaining what to do, what not to do, what to look for, and how to interpret the results. It also goes beyond the technical aspects of performing EEGs by providing case studies of the neurologic disorders and conditions in which EEGs are used, making this an excellent learning tool. Abundant EEG examples throughout help you to recognize normal and abnormal EEGs in all situations. Presents enough detail and answers to questions and problems encountered by the beginner and the non-expert. Uses abundant EEG examples to help you recognize normal and abnormal EEGs in all situations. Provides expert pearls from Dr. Libenson that guide you in best practices in EEG testing. Features a user-friendly writing style from a single author that makes learning easy. Examines the performance of EEGs&#8213;along with the disorders for which they're performed&#8213;for a resource that considers the patient and not just the technical aspects of EEGs. Includes discussions of various disease entities, like epilepsy, in which EEGs are used, as well as other special issues, to equip you to handle more cases.
=020  \\$a9780750674782
=100  1\$aLibenson, Mark H.
=080  \\$a616.8-009
=650  \7$aElectroencephalography$2inist
=650  \7$aEpilepsy$2inist
=650  \7$aNervous system diseases$2inist
=650  \7$aElectroencefalografía$2inist
=650  \7$aEpilepsia$2inist
=650  \7$aEnfermedades del sistemas nervioso$2inist
=653  \\$aNeurological disorders
=653  \\$aTrastornos neurológicos
=690  \\$bMaestría en Física Médica
=040  \\$aarbccab$bspa
=856  41$uhttps://images-na.ssl-images-amazon.com/images/I/51kg2yOFpeL.%5FSX389%5FBO1,204,203,200%5F.jpg$3Tapa
=856  41$uhttp://campi.cab.cnea.gov.ar/tocs/23815.pdf$3Indice
=005  20190507093955.0
=003  AR-BCCAB
=942  \\$cBK
=952  \\$2udc$aPOST$bPOST$d2019-02-11$eEdiciones Journal$g$i20023815$o616.8-009 L614$p20023815$yBK
