=LDR  00000nam##22000005a#4500

=001  018838
=008  190401s2008####xx#d###f#b####000#0#und#d
=245  10$aFarr's Physics for Medical Imaging /$cPenélope Allisy Roberts Jerry Williams.
=250  \\$a2nd ed.
=260  \\$aPhiladelphia :$bElsevier,$cc2008.
=300  \\$aviii, 207 p. :$bil. ;$c25 cm.
=504  \\$aIncluye referencias bibliográficas e índice.
=520  \\$aThe new edition of Physics for Medical Imaging has been fully updated to reflect the latest advances in technology and legislation and the needs of today's radiology trainees. Invaluable reading, particularly for those sitting the primary and final examinations of the Royal College of Radiology, UK, the book will also be of value to radiographers and personnel interested in medical imaging. The concise text is also accompanied by clear line drawings and sample images to illustrate the principles discussed. Closely matches needs of FRCR examination candidates. Updated to reflect changes to FRCR examination. More medically orientated. Covers new legislation concerning radiological safety etc. 'Must-know' summaries at end of each chapter. Completely new design.
=020  \\$a9780702028441
=100  1\$aAllisy Roberts, Penélope.
=700  1\$aWilliams, Jerry.
=080  \\$a61:004.932
=650  \7$aRadiology$2inist
=650  \7$aPhysical$2inist
=650  \7$aTomography$2inist
=650  \7$aRadiología$2inist
=650  \7$aFísica$2inist
=650  \7$aTomografía$2inist
=653  \\$aMedical imaging
=653  \\$aImágenes medicas
=690  \\$aMaestría en Física Médica
=040  \\$aarbccab$bspa
=856  41$uhttps://images-na.ssl-images-amazon.com/images/I/51LYq-lgn8L.%5FSX382%5FBO1,204,203,200%5F.jpg$3Tapa
=856  41$uhttp://campi.cab.cnea.gov.ar/tocs/23816.pdf$3Indice
=005  20190507084900.0
=003  AR-BCCAB
=942  \\$cBK
=952  \\$2udc$aPOST$bPOST$d2019-02-11$eEdiciones Journal$g$i20023816$o61:004.932 Al 568 Ed.2$p20023816$yBK
