=LDR  00000nam##22000005a#4500

=001  018839
=008  160523s2016####nyud###f######000#0#eng##
=245  00$aMillimeter-wave antennas :$bconfigurations and applications. /$cJaco du Preez and Saurabh Sinha.
=260  \\$aNew York, NY :$bSpringer Berlin Heidelberg,$cc2016.
=300  \\$axi, 155 p. :$bil. ;$c24 cm.
=490  0\$aSignals and communication technology
=520  \\$aThis book comprehensively reviews the state of the art in millimeter-wave antennas, traces important recent developments and provides information on a wide range of antenna configurations and applications. While fundamental theoretical aspects are discussed whenever necessary, the book primarily focuses on design principles and concepts, manufacture, measurement techniques, and practical results. Each of the various antenna types scalable to millimeter-wave dimensions is considered individually, with coverage of leaky-wave and surface-wave antennas, printed antennas, integrated antennas, and reflector and lens systems. The final two chapters address the subject from a systems perspective, providing an overview of supporting circuitry and examining in detail diverse millimeter-wave applications, including high-speed wireless communications, radio astronomy, and radar. The vast amount of information now available on millimeter-wave systems can be daunting for researchers and designers entering the field. This book offers readers essential guidance, helping them to gain a thorough understanding based on the most recent research findings and serving as a sound basis for informed decision-making.
=020  \\$a9783319350677
=100  1\$aPreez, Jaco du.
=700  1\$aSinha, Saurabh.
=080  \\$a621.396.67
=650  \7$aAntennas$2inist
=650  \7$aRadioastronomy$2inist
=650  \7$aAntenas$2inist
=650  \7$aRadioastronomía$2inist
=650  \7$aRadar$2inist
=653  \\$aMillimeter wave antennas
=653  \\$aAntenas de ondas milimétricas
=690  \\$aIngeniería en Telecomunicaciones
=010  \\$a##2016942505
=040  \\$aDLC$beng$cDLC$erda$dDLC$darbccab
=856  42$uhttps://images-na.ssl-images-amazon.com/images/I/41x4oqm1VXL.%5FSX313%5FBO1,204,203,200%5F.jpg$3Tapa
=856  41$uhttp://campi.cab.cnea.gov.ar/tocs/23819.pdf$3Indice
=005  20190507093144.0
=003  AR-BCCAB
=942  \\$cBK
=952  \\$2udc$aPOST$bPOST$d2019-02-11$eEdiciones Journal$g$i20023819$o621.396.67 P912$p20023819$yBK
