=LDR  00000cam##22000005a#4500

=001  018840
=008  160331s2016####nyud###f#b####001#0#eng##
=245  00$aPropagation engineering in wireless communications. /$cAbdollah Ghasemi [et al].
=250  \\$a2nd ed.
=260  \\$aNew York, NY :$bSpringer Science, Business Media,$cc2016.
=300  \\$axvii, 452 p. :$bil. ;$c24 cm.
=520  \\$aThis book covers the basic principles for understanding radio wave propagation for common frequency bands used in radio-communications. This includes achievements and developments in propagation models for wireless communication. This book is intended to bridge the gap between the theoretical calculations and approaches to the applied procedures needed for radio links design in a proper manner. The authors emphasize propagation engineering by giving fundamental information and explain the use of basic principles together with technical achievements. This new edition includes additional information on radio wave propagation in guided media and technical issues for fiber optics cable networks with several examples and problems. This book also includes a solution manual - with 90 solved examples distributed throughout the chapters - and 158 problems including practical values and assumptions.
=504  \\$aIncluye referencias bibliográficas e indice.
=020  \\$a9783319327822
=100  1\$aGhasemi, Abdollah.
=700  1\$aAbedi, Ali.
=700  1\$aGhasemi, Farshid.
=080  \\$a621.396.4
=653  \\$aWireless communication
=653  \\$aRadio wave propagation
=653  \\$aComunicación inalámbrica
=653  \\$aPropagación de ondas de radio
=690  \\$aIngeniería en Telecomunicaciones
=010  \\$a##2016937357
=040  \\$aDLC$beng$cDLC$erda$dDLC$darbccab
=856  42$uhttps://images-na.ssl-images-amazon.com/images/I/41iNkufEO1L.%5FSX313%5FBO1,204,203,200%5F.jpg$3Tapa
=856  41$uhttp://campi.cab.cnea.gov.ar/tocs/23820.pdf$3Indice
=005  20190509105940.0
=003  AR-BCCAB
=942  \\$cBK
=952  \\$2udc$aPOST$bPOST$d2019-02-11$eEdiciones Journal$g$i20023820$o621.396.4 G341 Ed.2$p20023820$yBK
