=LDR  00000cam##22000005a#4500

=001  018841
=008  111103s2012####gw#d###f#b####001#0#eng##
=245  10$aDensity matrix theory and applications /$cKarl Blum.
=250  \\$a3rd ed.
=260  \\$aHeidelberg ;$aNew York :$bSpringer,$cc2012.
=300  \\$axviii, 343 p. :$bil. ;$c24 cm.
=490  0\$aSpringer series on atomic, optical and plasma physics,$x1615-5653 ;$v64
=504  \\$aIncluye referencias bibliográficas (p. 337-340) e índice.
=520  \\$aWritten in a clear pedagogic style, this book deals with the application of density matrix theory to atomic and molecular physics. The aim is to precisely characterize sates by a vector and to construct general formulas and proofs of general theorems. The basic concepts and quantum mechanical fundamentals (reduced density matrices, entanglement, quantum correlations) are discussed in a comprehensive way. The discussion leads up to applications like coherence and orientation effects in atoms and molecules, decoherence and relaxation processes. This third edition has been updated and extended throughout and contains a completely new chapter exploring nonseparability and entanglement in two-particle spin-1/2 systems. The text discusses recent studies in atomic and molecular reactions. A new chapter explores nonseparability and entanglement in two-particle spin-1/2 systems.
=020  \\$a9783642205606 (hard cover : alk. paper)
=100  1\$aBlum, Karl,$d1937-
=080  \\$a530.145
=650  \7$aQuantum mechanics$2inist
=650  \7$aDensity matrix$2inist
=650  \7$aMecánica cuántica$2inist
=650  \7$aMatriz de desindades$2inist
=690  \\$aMaestría en Física Médica
=010  \\$a##2011942599$z##2011942559
=040  \\$aDLC$cDLC$bspa$darbccab
=856  41$uhttps://images-na.ssl-images-amazon.com/images/I/51Rnn6YxvbL.%5FSX313%5FBO1,204,203,200%5F.jpg$3Tapa
=856  41$uhttp://campi.cab.cnea.gov.ar/tocs/23821.pdf$3Indice
=005  20190509104016.0
=003  AR-BCCAB
=942  \\$cBK
=952  \\$2udc$aPOST$bPOST$d2019-02-11$eEdiciones Journal$g$i20023821$o530.145 B625 Ed.3$p20023821$yBK
