=LDR  00000cam##2200000#a#4500

=001  018843
=008  120828s2013####enkd###f#b####001#0#eng##
=245  10$aModern electrodynamics /$cAndrew Zangwill.
=260  \\$aCambridge :$bCambridge University Press,$cc2013.
=300  \\$axxi, 976 p. :$bil. ;$c26 cm.
=520  \\$a"An engaging writing style and a strong focus on the physics make this comprehensive, graduate-level textbook unique among existing classical electromagnetism textbooks. Charged particles in vacuum and the electrodynamics of continuous media are given equal attention in discussions of electrostatics, magnetostatics, quasistatics, conservation laws, wave propagation, radiation, scattering, special relativity, and field theory. Extensive use of qualitative arguments similar to those used by working physicists makes Modern Electrodynamics a must-have for every student of this subject. In 24 chapters, the textbook covers many more topics than can be presented in a typical two-semester course, making it easy for instructors to tailor courses to their specific needs. Close to 120 worked examples and 60 applications boxes help the reader build physical intuition and develop technical skill. Nearly 600 end-of-chapter homework problems encourage students to engage actively with the material. A solutions manual is available for instructors at www.cambridge.org/Zangwill"--$cProvided by publisher.
=504  \\$aIncluye referencias bibliográficas e índice.
=505  8\$aMachine generated contents note: 1. Mathematical preliminaries; 2. The Maxwell equations; 3. Electrostatics; 4. Electric multipoles; 5. Conducting matter; 6. Dielectric matter; 7. Laplace's Equation; 8. Poisson's Equation; 9. Steady current; 10. Magnetostatics; 11. Magnetic multipoles; 12. Magnetic force and energy; 13. Magnetic matter; 14. Dynamic and quasistatic fields; 15. General electromagnetic fields; 16. Waves in vacuum; 17. Waves in simple matter; 18. Waves in dispersive matter; 19. Guided and confined waves; 20. Retardation and radiation; 21. Scattering and diffraction; 22. Special relativity; 23. Fields from moving charges; 24. Lagrangian and Hamiltonian methods; Appendixes; Index.
=020  \\$a9780521896979
=100  1\$aZangwill, Andrew.
=080  \\$a537.8
=650  \7$aElectromagnetism$2inist
=650  \7$aElectrodynamics$2inist
=650  \7$aElectrostatics$2inist
=650  \7$aStatic magnetic fields$2inist
=650  \7$aElectromagnetismo$2inist
=650  \7$aElectrostática$2inist
=650  \7$aElectrodinámica$2inist
=650  \7$aCampos magnéticos estáticos$2inist
=690  \\$aLicenciatura en Física
=010  \\$a##2012035054
=040  \\$aDLC$beng$cDLC$erda$dDLC$darbccab
=856  41$uhttps://images-na.ssl-images-amazon.com/images/I/41KuRpK5bxL.%5FSX379%5FBO1,204,203,200%5F.jpg$3Tapa
=856  41$uhttp://campi.cab.cnea.gov.ar/tocs/23824.pdf$3Indice
=005  20190507103206.0
=003  AR-BCCAB
=942  \\$cBK
=952  \\$2udc$aPOST$bPOST$d2019-02-11$eEdiciones Journal$g$i20023824$o537.8 Z16$p20023824$yBK
