=LDR  00000cam##2200000#a#4500

=001  018844
=008  980326s2018####maud###f#b####001#0#eng##
=245  14$aThe first steps in seeing /$cR.W. Rodieck.
=260  \\$aSunderland, Mass. :$bSinauer Associates,$cc2018.
=300  \\$axi, 562 p. :$bil. (some col.) ;$c29 cm.
=504  \\$aIncluye referencias bibliográficas (p. [547]-555)e índice.
=520  \\$aPublished by Sinauer Associates, an imprint of Oxford University Press. The First Steps in Seeing is about the eyes, and how they capture an image and convert it to the neural messages that ultimately result in visual experience. A full appreciation of how the eyes work is rooted in diverse areas of science&#8213;optics; biochemistry and photochemistry; molecular biology, cell biology, neurobiology, and evolutionary biology; psychology and psychophysics. The findings related to vision from any one of these fields are not difficult to understand in themselves, but, in order to be clear and precise, each discipline has developed its own set of words and conceptual relations&#8213;in effect, its own language&#8213;and for those wanting a broad introduction to vision these separate languages can present more of an impediment to understanding than an aid. However, what lies beneath these words usually has a beautiful simplicity, and it is the aim of The First Steps in Seeing to describe how we see in a manner that is understandable to all. In this book, the use of technical terms is restricted, and several hundred full-color illustrations ensure that the terms that are used are associated with a picture, icon, or graph that visually expresses their meaning. Experimental findings have been recast in terms of the natural world whenever possible, and broad themes bring together lines of thought that are often treated separately. Fourteen main chapters form a "thread" that tells the main scientific story and can be read without specialized knowedge or reliance on other sources. This thread is linked to fourteen discussions which explore certain crucial topics in greater depth. Notes link the material presented in the thread and in the special topics discussions to important review articles and seminal research papers. The First Steps in Seeing is an innovative, authoritative work that belongs in the library of anyone with an interest in visual perception.
=020  \\$a0878937579 (cloth)
=020  \\$a9780878937578
=100  1\$aRodieck, Robert W.,$d1937-
=080  \\$a611.84
=650  \7$aVision$2inist
=650  \7$aEyes$2inist
=650  \7$aImages$2inist
=650  \7$aOjos$2inist
=650  \7$aImagenes$2inist
=690  \\$aMaestría en Física Médica
=010  \\$a###98003963#
=040  \\$aDLC$cDLC$dDLC$bspa$darbccab
=856  41$uhttps://images-na.ssl-images-amazon.com/images/I/51JKvVecwDL.%5FSX378%5FBO1,204,203,200%5F.jpg$3Tapa
=856  41$uhttp://campi.cab.cnea.gov.ar/tocs/23825.pdf$3Indice
=005  20190513155143.0
=003  AR-BCCAB
=942  \\$cBK
=952  \\$2udc$aPOST$bPOST$d2019-02-11$eEdiciones Journal$g$i20023825$o611.84 R616$p20023825$yBK
