=LDR  00000cam##2200000#a#4500

=001  018845
=008  190404s2018####nyud###f#b####001#0#eng##
=245  10$aModern ceramic engineering :$bproperties, processing, and use in design /$cDavid W. Richerson and William E. Lee.
=250  \\$a4th ed.
=260  \\$bTaylor & Francis Group,$cc2018.
=300  \\$axxiii, 812 p. :$bil. ;$c26 cm.
=504  \\$aIncluye referencias bibliográficas e índice.
=520  \\$aSince the publication of its Third Edition, there have been many notable advances in ceramic engineering. Modern Ceramic Engineering, Fourth Edition serves as an authoritative text and reference for both professionals and students seeking to understand key concepts of ceramics engineering by introducing the interrelationships among the structure, properties, processing, design concepts, and applications of advanced ceramics. Written in the same clear manner that made the previous editions so accessible, this latest edition has been expanded to include new information in almost every chapter, as well as two new chapters that present a variety of relevant case studies. The new edition now includes updated content on nanotechnology, the use of ceramics in integrated circuits, flash drives, and digital cameras, and the role of miniaturization that has made our modern digital devices possible, as well as information on electrochemical ceramics, updated discussions on LEDs, lasers and optical applications, and the role of ceramics in energy and pollution control technologies. It also highlights the increasing importance of modeling and simulation.
=020  \\$a9781498716918
=100  1\$aRicherson, David W.,$d1944-
=700  1\$aLee, William E.
=080  \\$a666.3
=650  \0$aCeramic engineering.
=650  \7$aCeramics$2inist
=650  \7$aCerámicos.$2inist
=690  \\$aDoctorado en Física
=690  \\$aDoctorado en Ingeniería
=010  \\$a###91039606#
=040  \\$aDLC$cDLC$dDLC$bspa$darbccab
=856  41$uhttps://images-na.ssl-images-amazon.com/images/I/51TKIpKycyL.%5FSX348%5FBO1,204,203,200%5F.jpg$3Tapa
=856  41$uhttp://campi.cab.cnea.gov.ar/tocs/23826.pdf$3Indice
=005  20190507115235.0
=003  AR-BCCAB
=942  \\$cBK
=952  \\$2udc$aPOST$bPOST$d2019-02-11$eEdiciones Journal$g$i20023826$o666.3 R399 Ed.4$p20023826$yBK
