=LDR  00000nam##2200000#a#4500

=001  018846
=008  150129s2016####flud#####b####001#0#eng##
=245  10$aSensors and actuators :$bengineering system instrumentation /$cClarence W. de Silva.
=250  \\$a2nd ed.
=260  \\$aBoca Raton :$bCRC Press/Taylor & Francis,$cc2016.
=300  \\$axxvii, 819 p. :$bil. ;$c27 cm.
=504  \\$aIncluye referencias bibliográficas e índice.
=520  \\$aAn engineering system contains multiple components that interconnect to perform a specific task. Starting from basic fundamentals through to advanced applications, Sensors and Actuators: Engineering System Instrumentation, Second Edition thoroughly explains the inner workings of an engineering system. The text first provides introductory material-practical procedures and applications in the beginning-and then methodically integrates more advanced techniques, theory, and concepts throughout the book. Emphasizing sensors, transducers, and actuators, the author discusses important aspects of component matching and interconnection, interface between the connected components, signal modification, and signal conditioning/modification. He also addresses functions, physical principles, operation and interaction, and the proper selection and interfacing of these components for various engineering/control applications. This second edition provides a thorough revision of the first and includes new worked examples, new applications, and thoroughly updated as well as entirely new material. In addition, it provides increased coverage of sensor systems technologies and updated coverage of computer tools, including MATLAB®, Simulink, and LabView. What's New in the Second Edition: A new chapter on estimation from measurements, which includes various practical procedures and applications of estimation through sensed data New material on microelectromechanical systems (MEMS) New material on multisensor data fusion New material on networked sensing and localization Many new problems and worked examples Chapter highlights and summary sheets, for easy reference and recollection ? Sensors and Actuators: Engineering System Instrumentation, Second Edition provides users from a variety of engineering backgrounds with a complete overview of engineering system components for instrumentation. It presents current techniques, advanced theory and concepts, and addresses relevant design issues, component selection, and practical applications.
=020  \\$a9781466506817 (alk. paper)
=100  1\$aDe Silva, Clarence W.,$eauthor.
=080  \\$a621.3.08
=650  \7$aSensors$2inist
=650  \7$aTransducers$2inist
=650  \7$aSensores$2inist
=650  \7$aTransductores$2inist
=010  \\$a##2014050304
=040  \\$aDLC$beng$cDLC$erda$dDLC$darbccab
=856  41$uhttps://images-na.ssl-images-amazon.com/images/I/51HmECVkbeL.%5FSX330%5FBO1,204,203,200%5F.jpg$3Tapa
=856  41$uhttp://campi.cab.cnea.gov.ar/tocs/23827.pdf$3Indice
=005  20190510095039.0
=003  AR-BCCAB
=942  \\$cBK
=952  \\$2udc$aPOST$bPOST$d2019-02-11$eEdiciones Journal$g$i20023827$o621.3.08 Si381 Ed.2$p20023827$yBK
