=LDR  00000cam##2200000#a#4500

=001  018847
=008  120201s2012####njud###f#b####001#0#eng##
=245  10$aHeat conduction /$cDavid W. Hahn and M. Necati Ozisik.
=250  \\$a3rd ed.
=260  \\$aHoboken, N.J. :$bWiley,$cc2012.
=300  \\$axix, 718 p. :$bil. ;$c25 cm.
=504  \\$aIncluye referencias bibliográficas e índice.
=520  \\$aThis book supplies the long awaited revision of the bestseller on heat conduction, replacing some of the coverage of numerical methods with content on micro- and nano-scale heat transfer. Extensive problems, cases, and examples have been thoroughly updated, and a solutions manual is available.
=020  \\$a9780470902936
=100  1\$aHahn, David W.,$d1964-
=700  1\$aNecati Ozisik, M.
=080  \\$a536.2
=650  \7$aHeat transfer$2inist
=650  \7$aTransferencia de calor$2inist
=653  \\$aHeat conduction
=653  \\$aConducción de calor
=690  \\$aIngeniería Nuclear
=690  \\$aIngenieríaMecánica
=690  \\$aMaestría en Ingeniería
=010  \\$a##2011052322
=040  \\$aDLC$cDLC$dDLC$bspa$d520arbccab
=856  41$uhttps://images-na.ssl-images-amazon.com/images/I/41MZb9OwjWL.%5FSX311%5FBO1,204,203,200%5F.jpg$3Tapa
=856  41$uhttp://campi.cab.cnea.gov.ar/tocs/23828.pdf$3Indice
=005  20190507135951.0
=003  AR-BCCAB
=942  \\$cBK
=952  \\$2udc$aPOST$bPOST$d2019-02-11$eEdiciones Journal$g$i20023828$o536.2 H124 Ed.3$p20023828$yBK
