=LDR  00000cam##2200000#a#4500

=001  018848
=008  161201s2017####flud###f#b####000#0#eng##
=245  10$aPower plant centrifugal pumps :$bproblem analysis and troubleshooting /$cMaurice L. Adams, Jr.
=250  \\$a2nd ed.
=260  \\$aBoca Raton :$bTaylor & Francis,$cc2017.
=300  \\$axix, 162 p. :$bil. ;$c24 cm.
=520  \\$aIn the critical work of maintaining power plant machinery, operating difficulties with centrifugal pumps will inevitably occur because of the essential requirement for electric power plants to operate at all times throughout the year. The root causes and solutions for pump failure comprise major areas of study for engineers in seeking the highest availability of electricity-generating units, extending time between major machinery overhauls and providing early detection of potential failure modes well in advance of machine degradation. This guide for engineers provides a comprehensive overview of the fundamentals of centrifugal pumps, addressing the range of pump operating problems encountered in both fossil and nuclear power plants. The book is divided into three sequential parts: Part I - Primer on Centrifugal Pumps, Part II -Power Plant Centrifugal Pump Applications, and Part III - Trouble-Shooting Case Studies. Employing effective research models developed through years of experience, the author draws on an extensive range of scholarship that covers the detrimental impact of power plant pump failures on overall plant performance, as well as the preventative measures that aid in successful pump maintenance. After covering the performance and components of centrifugal pumps, operating failure modes are covered both for fossil and nuclear power plants. This is followed by the presentation of several power plant pump troubleshooting case studies. The text also walks readers through the various other industrial applications of centrifugal pumps, as in their use within petrochemical plants and in ocean vessel propulsion systems. Recognizing the warning signs of specific impending pump failure modes is essential to minimizing the financial costs of dealing with pump operating problems. To this end, the author lays out a range of theoretical models and relevant examples in support of the essential work of power plant pump use and maintenance.
=504  \\$aIncluye referencias bibliográficas e índice.
=020  \\$a9781439813782 (hardback)
=020  \\$z9781315374819 (ebook)
=100  1\$aAdams, Maurice L.,$cJr.$eauthor.
=080  \\$a621.671
=650  \7$aCentrifugal pumps$2inist
=650  \7$aElectric power$2inist
=650  \7$aBombas centrífugas$2inist
=650  \7$aEnergía eléctrica$2inist
=690  \\$aIngeniería Mecánica
=010  \\$a##2016044982
=040  \\$aDLC$beng$cDLC$erda$darbccab
=856  41$uhttps://images-na.ssl-images-amazon.com/images/I/51JK5F5RdPL.%5FSX331%5FBO1,204,203,200%5F.jpg$3Tapa
=856  41$uhttp://campi.cab.cnea.gov.ar/tocs/23829.pdf$3Indice
=005  20190507134428.0
=003  AR-BCCAB
=942  \\$cBK
=952  \\$2udc$aPOST$bPOST$d2019-02-11$eEdiciones Journal$g$i20023829$o621.671 Ad171$p20023829$yBK
