=LDR  00000cam##22000008a#4500

=001  018849
=008  190405s2017####gw#d###f#b####001#0#eng##
=245  10$aFrom Newton to Mandelbrot :$ba primer in theoretical physics /$cDietrich Stauffer, H. Eugene Stanley, Annick Lesne.
=250  \\$a3rd ed.
=260  \\$aGermany ;$aSpringer-Verlag,$cc2017.
=300  \\$axiv, 270 p. :$bil. (some col.) ;$c24 cm.
=520  \\$aThis textbook takes the reader on a tour of the most important landmarks of theoretical physics: classical, quantum, and statistical mechanics, relativity, electrodynamics, as well as the most modern and exciting of all: elementary particles and the physics of fractals. The second edition has been supplemented with a new chapter devoted to concise though complete presentation of dynamical systems, bifurcations and chaos theory. The treatment is confined to the essentials of each area, presenting all the central concepts and equations at an accessible level. Chapters 1 to 4 contain the standard material of courses in theoretical physics and are supposed to accompany lectures at the university; thus they are rather condensed. They are supposed to fill one year of teaching. Chapters 5 and 6, in contrast, are written less condensed since this material may not be part of standard lectures and thus could be studied without the help of a university teacher. An appendix on elementary particles lies somewhere in between: It could be a summary of a much more detailed course, or studied without such a course. Illustrations and numerous problems round off this unusual textbook. It will ideally accompany the students all along their course in theoretical physics and prove indispensable in preparing and revising the exams. It is also suited as a reference for teachers or scientists from other disciplines who are interested in the topic.
=020  \\$a9783662536834
=100  1\$aStauffer, Dietrich.
=700  1\$aStanley, H. Eugene$c(Harry Eugene),$d1941-
=700  1\$aLesne, Annick.
=080  \\$a53.01
=650  \0$aMathematical physics.
=650  \7$aFísica matemática$2lemb
=041  1\$aeng$hger
=040  \\$aDLC$cDLC$dDLC$bspa$darbccab
=856  41$uhttps://images-na.ssl-images-amazon.com/images/I/41JCVuGWb9L.%5FSX313%5FBO1,204,203,200%5F.jpg$3Tapa
=856  41$uhttp://campi.cab.cnea.gov.ar/tocs/23833.pdf$3Indice
=005  20190507090241.0
=003  AR-BCCAB
=942  \\$cBK
=952  \\$2udc$aPOST$bPOST$d2019-02-11$eEdiciones Journal$g$i20023833$o53.01 S28 Ed.3$p20023833$yBK
