=LDR  00000nam##2200000#a#4500

=001  018850
=008  161024s2017####enkd###f#b####001#0#eng##
=245  10$aSatellite communications systems engineering :$batmospheric effects on satellite link design and performance /$cLouis J. Ippolito, Jr.
=250  \\$a2nd ed.
=260  \\$aChichester, West Sussex, UK :$bJohn Wiley & Sons Inc.,$cc2017.
=300  \\$axx, 440 p. :$bil. ;$c25 cm.
=504  \\$aIncluye referencias bibliográficas e índice.
=520  \\$aThe first edition of Satellite Communications Systems Engineering (Wiley 2008) was written for those concerned with the design and performance of satellite communications systems employed in fixed point to point, broadcasting, mobile, radio navigation, data relay, computer communications, and related satellite based applications. This welcome Second Edition continues the basic premise and enhances the publication with the latest updated information and new technologies developed since the publication of the first edition. The book is based on graduate level satellite communications course material and has served as the primary text for electrical engineering Masters and Doctoral level courses in satellite communications and related areas. Introductory to advanced engineering level students in electrical, communications and wireless network courses, and electrical engineers, communications engineers, systems engineers, and wireless network engineers looking for a refresher will find this essential text invaluable.
=505  0\$aSatellite orbits -- Satellite subsystems -- The RF link -- Link system performance -- Transmission impairments -- Propagation effects modeling and prediction -- Rain fade mitigation -- The composite link -- Satellite multiple access -- The mobile satellite channel -- Mobile satellite channel -- Frequency management in satellite communications -- Interference mitigation in satellite communications -- High throughput.
=020  \\$a9781119259374 (cloth)
=020  \\$z9781119259367 (epub)
=100  1\$aIppolito, Louis J.,$cJr.$q(Louis Joseph),$d1941-$eauthor.
=080  \\$a621.396.94
=650  \7$aSatellites$2inist
=650  \7$aData transmission$2inist
=650  \7$aCommunications$2inist
=650  \7$aSatélites$2inist
=650  \7$aTransmisión de datos$2inist
=650  \7$aComunicaciones$2inist
=690  \\$aIngeniería en Telecomunicaciones
=010  \\$a##2016045884
=040  \\$aDLC$beng$cDLC$erda$darbccab
=856  41$uhttps://images-na.ssl-images-amazon.com/images/I/51hfQnfBCOL.%5FSX348%5FBO1,204,203,200%5F.jpg$3Tapa
=856  41$uhttp://campi.cab.cnea.gov.ar/tocs/23834.pdf$3Indice
=005  20190507145240.0
=003  AR-BCCAB
=942  \\$cBK
=952  \\$2udc$aPOST$bPOST$d2019-02-11$eEdiciones Journal$g$i20023834$o621.396.94 Ip5 Ed.2$p20023834$yBK
