=LDR  00000cam##22000008a#4500

=001  018851
=008  090619s2009####enkd###f#b####001#0#eng##
=245  10$aSatellite communications systems :$bsystems, techniques and technology /$cGerard Maral, Michel Bousquet.
=250  \\$a5th ed. /$brevisions by Zhili Sun ; with contributions by Isabelle Buret.
=260  \\$aChichester, West Sussex, U.K. :$bJohn Wiley,$cc2009.
=300  \\$axxvii, 713 p. :$bil., maps ;$c26 cm.
=500  \\$aTranslated from French.
=504  \\$aIncluye referencias bibliográficas e índice.
=520  \\$aRevisions to 5th Edition by: Zhili Sun, University of Surrey, UK New and updated edition of this authoritative and comprehensive reference to the field of satellite communications engineering Building on the success of previous editions, Satellite Communications Systems, Fifth Edition covers the entire field of satellite communications engineering from orbital mechanics to satellite design and launch, configuration and installation of earth stations, including the implementation of communications links and the set-up of the satellite network. This book provides a comprehensive treatment of satellite communications systems engineering and discusses the technological applications. It demonstrates how system components interact and details the relationship between the system and its environment. The authors discuss the systems aspects such as techniques enabling equipment and system dimensioning and state of the art technology for satellite platforms, payloads and earth stations. New features and updates for the fifth edition include: More information on techniques allowing service provision of multimedia content Extra material on techniques for broadcasting, including recent standards DVB-RCS and DVB-S2 (Digital Video Broadcasting -Return Channel Satellite and -Satellite Version 2) Updates on onboard processing By offering a detailed and practical overview, Satellite Communications Systems continues to be an authoritative text for advanced students, engineers and designers throughout the field of satellite communications and engineering.
=546  \\$aTranslated from the French.
=020  \\$a9780470714584 (cloth)
=020  \\$a0470714581 (cloth)
=100  1\$aMaral, Gerard.
=700  1\$aBousquet, Michel.
=700  1\$aSun, Zhili,$cProf.
=080  \\$a621.396.94
=650  \7$aSatellites$2inist
=650  \7$aCommunications$2inist
=650  \7$aSatélites$2inist
=650  \7$aComunicación$2inist
=690  \\$aIngeniería en Telecomunicaciones
=010  \\$a##2009023579
=016  7\$a015110016$2Uk
=040  \\$aDLC$cDLC$dYDX$dUKM$dYDXCP$dBWX$dCDX$dGBVCP$dHEBIS$dOKU$dDEBBG$dDLC$bspa$darbccab
=041  1\$aeng$hfre
=856  41$uhttps://images-na.ssl-images-amazon.com/images/I/51IAEB598xL.%5FSX372%5FBO1,204,203,200%5F.jpg$3Tapa
=856  41$uhttp://campi.cab.cnea.gov.ar/tocs/23835.pdf$3Indice
=005  20190507152100.0
=003  AR-BCCAB
=942  \\$cBK
=952  \\$2udc$aPOST$bPOST$d2019-02-11$eEdiciones Journal$g$i20023835$o621.396.94 M324 Ed.5$p20023835$yBK
