=LDR  00000cam##2200000#a#4500

=001  018852
=008  030123s2004####nyuc###f#b####001#0#eng##
=245  10$aCapillarity and wetting phenomena :$bdrops, bubbles, pearls, waves /$cPierre-Gilles de Gennes, Francoise Brochard-Wyart, David Quéré ; translated by Axel Reisinger.
=260  \\$aNew York :$bSpringer,$cc2004.
=300  \\$axv, 291 p. :$bil. ;$c25 cm.
=504  \\$aIncluye referencias bibliográficas e índice.
=520  \\$aThe study of capillarity is in the midst of a veritable explosion. What is offered here is not a comprehensive review of the latest research but rather a compendium of principles designed for the undergraduate student and for readers interested in the physics underlying these phenomena.
=020  \\$a0387005927 (alk. paper)
=020  \\$a9780387005298
=100  1\$aGennes, Pierre-Gilles de.
=700  1\$aBrochard-Wyart, Francoise.
=700  1\$aQuéré, David.
=700  1\$aReisinger, Axel.
=080  \\$a532
=653  \\$aCapillarity
=653  \\$aFluid mechanics
=653  \\$aSurface chemistry
=653  \\$aCapilaridad
=653  \\$aMecánica de fluidos
=653  \\$aQuímica de superficies
=690  \\$aLicenciatura en Física
=010  \\$a##2003042431
=040  \\$aDLC$cDLC$dDLC$bspa$darbccab
=041  1\$aeng$hfre
=856  41$uhttps://images-na.ssl-images-amazon.com/images/I/31ifGf-25XL.%5FSX313%5FBO1,204,203,200%5F.jpg$3Tapa
=856  41$uhttp://campi.cab.cnea.gov.ar/tocs/23836.pdf$3Indice
=005  20190509101950.0
=003  AR-BCCAB
=942  \\$cBK
=952  \\$2udc$aPOST$bPOST$d2019-02-11$eEdiciones Journal$g$i20023836$o532 G287$p20023836$yBK
