=LDR  00000cam##22000004a#4500

=001  018853
=008  100623s2011####flud###f#b####001#0#eng##
=245  10$aWind turbine technology /$cA.R. Jha.
=260  \\$aBoca Raton, FL :$bCRC Press,$cc2011.
=300  \\$axxiv, 267 p. :$bil. ;$c25 cm.
=504  \\$aIncluye referencias bibliográficas e índice.
=520  \\$aHighlighting the capabilities, limitations, and benefits of wind power, Wind Turbine Technology gives you a complete introduction and overview of wind turbine technology and wind farm design and development. It identifies the critical components of a wind turbine, describes the functional capabilities of each component, and examines the latest performance parameters and procurement specifications for these components. From cutting-edge design aspects to experimental data, this comprehensive reference contains eight chapters&#8213;each dedicated to a specific design aspect of wind turbine technology. It examines potential wind turbine installation configurations, along with the structural requirements for the tower and nacelle. The book also: Presents site wind speed prediction techniques Addresses the integration of wind farms into the electrical power system, including power quality and system stability Describes wind speed frequency distribution and the structure of turbulence Details design and analysis techniques, as well as the functions of wind turbine controllers The book uses a conventional nomenclature and consistent sets of symbols and units throughout to present the information in a manner that's easy to understand. It also explains how to compare electrical energy generation costs from wind turbine installation with those of other renewable energy sources.
=020  \\$a9781439815069 (hardcover : alk. paper)
=020  \\$a1439815062 (hardcover : alk. paper)
=100  1\$aJha, A. R.
=080  \\$a620.91
=650  \7$aWind power$2inist
=650  \7$aWind turbines$2inist
=650  \7$aEnergía eólica$2inist
=650  \7$aTurbinas eólicas$2inist
=653  \\$aAerogeneradores
=010  \\$a##2010023856
=016  7\$a015500083$2Uk
=040  \\$aDLC$cDLC$dYDX$dYDXCP$dUKM$dCDX$dDLC$bspa$darbccab
=856  41$uhttps://images-na.ssl-images-amazon.com/images/I/51uZgduiTuL.%5FSX329%5FBO1,204,203,200%5F.jpg$3Tapa
=856  41$uhttp://campi.cab.cnea.gov.ar/tocs/23837.pdf$3Indice
=005  20190507120930.0
=003  AR-BCCAB
=942  \\$cBK
=952  \\$2udc$aPOST$bPOST$d2019-02-11$eEdiciones Journal$g$i20023837$o620.91 J559$p20023837$yBK
