=LDR  00000cam##2200000#a#4500

=001  018855
=008  080823s2006####ne#d###f#b####001#0#eng#d
=245  10$aFundamentals of protein NMR spectroscopy /$cby Gordon S. Rule and T. Kevin Hitchens.
=260  \\$aDordrecht :$bSpringer,$cc2006.
=300  \\$axxvi, 530 p. :$bil. ;$c25 cm.
=490  0\$aFocus on structural biology ;$vv. 5
=504  \\$aIncluye referencias bibliográficas e índice.
=505  0\$aNMR spectroscopy. -- Practical aspects of acquiring NMR spectra. -- Introduction to signal processing. -- Quantum mechanical description of NMR. -- Quantum mechanical description of a one pulse experiment. -- The density matrix & product operators. -- Scalar coupling. -- Coupled spins: density matrix and product operator formalism. -- Two dimensional homonuclear J-correlated spectroscopy. -- Two dimensional heteronuclear J-correlated spectroscopy. -- Coherence editing: pulsed-field gradients and phase cycling. -- Quadrature detection in multi-dimensional NMR spectroscopy. -- Resonance assignments: homonuclear methods. -- Resonance assignments: heteronuclear methods. -- Practical aspects of N-dimensional data acquisition and processing. -- Dipolar coupling. -- Protein structure determination. -- Exchange processes. -- Nuclear spin relaxation and molecular dynamics. -- Appendices: A. Fourier transforms ; B. Complex variables, scalars, vectors, and tensors ; C. Solving simultaneous differential equations: Laplace transforms ; D. Building blocks of pulse sequences.
=520  \\$aNMR spectroscopy has proven to be a powerful technique to study the structure and dynamics of biological macromolecules. Fundamentals of Protein NMR Spectroscopy is a comprehensive textbook that guides the reader from a basic understanding of the phenomenological properties of magnetic resonance to the application and interpretation of modern multi-dimensional NMR experiments on 15N/13C-labeled proteins. Beginning with elementary quantum mechanics, a set of practical rules is presented and used to describe many commonly employed multi-dimensional, multi-nuclear NMR pulse sequences. A modular analysis of NMR pulse sequence building blocks also provides a basis for understanding and developing novel pulse programs. This text not only covers topics from chemical shift assignment to protein structure refinement, as well as the analysis of protein dynamics and chemical kinetics, but also provides a practical guide to many aspects of modern spectrometer hardware, sample preparation, experimental set-up, and data processing. End of chapter exercises are included to emphasize important concepts. Fundamentals of Protein NMR Spectroscopy not only offer students a systematic, in-depth, understanding of modern NMR spectroscopy and its application to biomolecular systems, but will also be a useful reference for the experienced investigator.
=020  \\$a1402034997
=020  \\$a9781402034992
=020  \\$a1402035004 (ebook)
=020  \\$a9781402035005 (ebook)
=100  1\$aRule, Gordon S.
=700  1\$aHitchens, T. Kevin.
=080  \\$a537.635:539.143.43
=650  \7$aSpectroscopy$2inist
=650  \7$aNuclear magnetic resonance$2inist
=650  \7$aEspectroscopía$2inist
=650  \7$aResonancia magnética nuclear$2inist
=690  \\$aMaestría en Física Medica
=010  \\$a##2008447860
=040  \\$aOHX$cOHX$dBAKER$dHNK$dIAK$dNLGGC$dIXA$dOCLCQ$dYDXCP$dCUY$dDLC$bspa$darbccab
=856  41$uhttps://images-na.ssl-images-amazon.com/images/I/41t8M234%2BhL.%5FSX313%5FBO1,204,203,200%5F.jpg$3Tapa
=856  41$uhttp://campi.cab.cnea.gov.ar/tocs/23845.pdf$3Indice
=005  20190507085436.0
=003  AR-BCCAB
=942  \\$cBK
=952  \\$2udc$aPOST$bPOST$d2019-02-11$eEdiciones Journal$g$i20023845$o537.635:539.143.43 R861$p20023845$yBK
