=LDR  00000cam##22000007a#4500

=001  018856
=008  911003s1992####enkd###f#b####011#0#eng##
=245  00$aPulsed magnetic resonance :$bNMR, ESR, and optics : a recognition of E.L. Hahn /$cAbragam ... [et al., contributors] ; edited by D.M.S. Bagguley.
=260  \\$aOxford [England] :$bClarendon Press ;$aNew York :$bOxford University Press,$cc1992.
=300  \\$axv, 550 p. :$bil. ;$c25 cm.
=490  0\$aOxford science publications
=504  \\$aIncluye referencias bibliográficas e indice.
=520  \\$aHahn is one of the outstanding physicists of the second half of the twentieth century. From his original discovery of spin echoes and his demonstration of nuclear free induction decay stem the most important methods of modern nuclear magnetic resonance. The wide impact of these methods in physics, chemistry, biology, and medicine is fully acknowledged. In addition, his fundamental contributions in nuclear quadruple echo phenomena, level crossing techniques, self induced transparency and laser physics have been of paramount importance. This book has been designed as a tribute to Hahn at his seventieth birthday. The articles present a stimulating, challenging and, perhaps, controversial contribution to the scientific literature which will be read advantageously by students and research workers from the fields of nuclear magnetic resonance in physics, chemistry, biochemistry, and medical imaging together with electron spin resonance and laser optics. The contributors include the foremost researchers in magnetic resonance, among them A. Abragam, M. Bloom, R.R. Ernst, R. Freeman, M.P. Klein, P. Mansfield, M. Mehring, W.B. Mims, R.E. Norberg, A. Pines, A.G. Redfield, R.E. Richards, C.P. Slichter, and J.S. Waugh.
=020  \\$a0198539622 :$c¹60.00 ({dollar}90.00)
=020  \\$a9780198539629
=700  1\$aHahn, E. L.$q(Erwin Louis),$d1921-
=700  1\$aAbragam, A.
=700  1\$aBagguley, D. M. S.$q(Desmond Martin Slingsby)
=080  \\$a537.635:539.143.43
=650  \7$aNuclear magnetic resonance$2inist
=650  \7$aResonancia magnética nuclear$2inist
=653  \\$aResonancia paramagnética electrónica.
=690  \\$aMaestría en Física Medica
=010  \\$a###91033284#
=040  \\$aDLC$cDLC$dDLC$bspa$darbccab
=856  41$uhttps://images-na.ssl-images-amazon.com/images/I/41GNMGL6MlL.%5FSX331%5FBO1,204,203,200%5F.jpg$3Tapa
=856  41$uhttp://campi.cab.cnea.gov.ar/tocs/23846.pdf$3Indice
=005  20190510155628.0
=003  AR-BCCAB
=942  \\$cBK
=952  \\$2udc$aPOST$bPOST$d2019-02-11$eEdiciones Journal$g$i20023846$o537.635:539.143.43 B146$p20023846$yBK
