=LDR  00000pam##2200000#a#4500

=001  018857
=008  060623s2007####ne#d###f#b####001#0#eng##
=245  00$aProtein NMR spectroscopy :$bprinciples and practice /$cJohn Cavanagh ... [et al.].
=250  \\$a2nd ed.
=260  \\$aAmsterdam ;$aBoston :$bAcademic Press,$cc2007.
=300  \\$axxv, 885 p. :$bil. ;$c24 cm.
=504  \\$aIncluye referencias bibliográficas (p. 839-840) e indice.
=520  \\$aProtein NMR Spectroscopy, Second Edition combines a comprehensive theoretical treatment of NMR spectroscopy with an extensive exposition of the experimental techniques applicable to proteins and other biological macromolecules in solution. Beginning with simple theoretical models and experimental techniques, the book develops the complete repertoire of theoretical principles and experimental techniques necessary for understanding and implementing the most sophisticated NMR experiments. Important new techniques and applications of NMR spectroscopy have emerged since the first edition of this extremely successful book was published in 1996. This updated version includes new sections describing measurement and use of residual dipolar coupling constants for structure determination, TROSY and deuterium labeling for application to large macromolecules, and experimental techniques for characterizing conformational dynamics. In addition, the treatments of instrumentation and signal acquisition, field gradients, multidimensional spectroscopy, and structure calculation are updated and enhanced. The book is written as a graduate-level textbook and will be of interest to biochemists, chemists, biophysicists, and structural biologists who utilize NMR spectroscopy or wish to understand the latest developments in this field. Provides an understanding of the theoretical principles important for biological NMR spectroscopy Demonstrates how to implement, optimize and troubleshoot modern multi-dimensional NMR experiments Allows for the capability of designing effective experimental protocols for investigations of protein structures and dynamics Includes a comprehensive set of example NMR spectra of ubiquitin provides a reference for validation of experimental methods
=020  \\$a012164491X (alk. paper)
=020  \\$a9780121644918 (alk. paper)
=700  1\$aCavanagh, John,$d1963-
=700  1\$aFairbrother, Wayne J.
=700  1\$aPalmer III, Arthur G.
=700  1\$aRance, Mark.
=700  1\$aSkelton, Nicholas J.
=080  \\$a537.635:543.42
=650  \7$aSpectroscopy$2inist
=650  \7$aNuclear magnetic resonance.$2inist
=650  \7$aProteins$2inist
=650  \7$aEspectroscopia$2inist
=650  \7$aResonancia magnética nuclear$2inist
=650  \7$aProteínas$2inist
=653  \\$aMacromoléculas biológicas
=690  \\$aMaestría en Física Medica
=010  \\$a##2006021096
=016  7\$a101280048$2DNLM
=040  \\$aDNLM/DLC$cDLC$dNLM$dBAKER$dC#P$dMUQ$dBTCTA$dYDXCP$dNLGGC$dUBA$dSTF$dDLC$bspa$darbccab
=856  41$uhttps://images-na.ssl-images-amazon.com/images/I/41zvVtYtH3L.%5FSX312%5FBO1,204,203,200%5F.jpg$3Tapa
=856  41$uhttp://campi.cab.cnea.gov.ar/tocs/23847.pdf$3Indice
=005  20190507085156.0
=003  AR-BCCAB
=942  \\$cBK
=952  \\$2udc$aPOST$bPOST$d2019-02-11$eEdiciones Journal$g$i20023847$o537.635:543.42 C314 Ed.2$p20023847$yBK
