=LDR  00000cam##22000004a#4500

=001  018858
=008  070502s2007####enkdf##f#b####001#0#eng##
=245  10$aIn vivo NMR spectroscopy :$bprinciples and techniques /$cRobin A. de Graaf.
=250  \\$a2nd ed.
=260  \\$aChichester, West Sussex, England ;$aHoboken, NJ :$bJohn Wiley & Sons,$cc2007.
=300  \\$axxi, 570 p. :$bil. (some col.) ;$c25 cm.
=504  \\$aIncluye referencias bibliográficas e índice.
=520  \\$aThis is the second edition of a unique book in the field of in vivo NMR covering in detail the technical and biophysical aspects of the technique. The contents of the book are appropriate to both beginners and experienced users of in vivo NMR spectroscopy. The new edition is focussed on bringing the reader practical insights and advice, but is also geared towards use as a study aid and in NMR courses. Recent advances in NMR spectroscopy, like high field NMR, hyperpolarized NMR and new localization and editing techniques have been included. An extensive and updated treatment of radiofrequency pulses is given, together with several tables and recipes for their generation. Solutions to the exercises within this text can be found at: www.spectroscopynow.com/degraaf
=505  0\$aBasic principles -- In vivo NMR spectroscopy: static aspects -- In vivo NMR spectroscopy: dynamic aspects -- Magnetic resonance imaging -- Radiofrequency pulses -- Single volume localization and water suppression -- Spectroscopic imaging and multivolume localization -- Spectral editing and two-dimensional NMR -- Spectral quantification -- Hardware.
=020  \\$a9780470026700
=020  \\$a0470026707
=100  1\$aDe Graaf, Robin A.
=080  \\$a537.635:539.143.43
=650  \7$aSpectroscopy$2inist
=650  \7$aEspectroscopia$2inist
=653  \\$aImagen de resonancia magnéticas
=690  \\$aMaestría en Física Médica
=010  \\$a##2007018548
=016  7\$a101306165$2DNLM
=040  \\$aDNLM/DLC$beng$cDLC$dNLM$dBAKER$dBTCTA$dYDXCP$dC#P$dDEBBG$dOCLCQ$dOCL$dDLC$darbccab
=856  41$uhttps://images-na.ssl-images-amazon.com/images/I/41AwFgNGiPL.%5FSX332%5FBO1,204,203,200%5F.jpg$3Tapa
=856  41$uhttp://campi.cab.cnea.gov.ar/tocs/23848.pdf$3Indice
=005  20190507102340.0
=003  AR-BCCAB
=942  \\$cBK
=952  \\$2udc$aPOST$bPOST$d2019-02-11$eEdiciones Journal$g$i20023848$o537.635:539.143.43 G75 Ed.2$p20023848$yBK
