=LDR  00000cam##22000004a#4500

=001  018860
=008  130726s2013####nyud###f#b####001#0#eng##
=245  00$aAnalogue gravity phenomenology :$banalogue spacetimes and horizons, from theory to experiment /$cDaniele Faccio, Francesco Belgiorno, Sergio Cacciatori.
=250  \\$a1st ed.
=260  \\$aNew York :$bSpringer,$cc2013.
=300  \\$axx, 439 p. :$bil. ;$c23 cm.
=490  0\$aLecture notes in physics ;$v870
=504  \\$aIncluye referencias bibliográficas e Índice.
=520  \\$aAnalogue Gravity Phenomenology is a collection of contributions that cover a vast range of areas in physics, ranging from surface wave propagation in fluids to nonlinear optics. The underlying common aspect of all these topics, and hence the main focus and perspective from which they are explained here, is the attempt to develop analogue models for gravitational systems. The original and main motivation of the field is the verification and study of Hawking radiation from a horizon: the enabling feature is the possibility to generate horizons in the laboratory with a wide range of physical systems that involve a flow of one kind or another. The years around 2010 and onwards witnessed a sudden surge of experimental activity in this expanding field of research. However, building an expertise in analogue gravity requires the researcher to be equipped with a rather broad range of knowledge and interests. The aim of this book is to bring the reader up to date with the latest developments and provide the basic background required in order to appreciate the goals, difficulties, and success stories in the field of analogue gravity. Each chapter of the book treats a different topic explained in detail by the major experts for each specific discipline. The first chapters give an overview of black hole spacetimes and Hawking radiation before moving on to describe the large variety of analogue spacetimes that have been proposed and are currently under investigation. This introductory part is then followed by an in-depth description of what are currently the three most promising analogue spacetime settings, namely surface waves in flowing fluids, acoustic oscillations in Bose-Einstein condensates and electromagnetic waves in nonlinear optics. Both theory and experimental endeavours are explained in detail. The final chapters refer to other aspects of analogue gravity beyond the study of Hawking radiation, such as Lorentz invariance violations and Brownian motion in curved spacetimes, before concluding with a return to the origins of the field and a description of the available observational evidence for horizons in astrophysical black holes.
=020  \\$a9783319002651 (soft cover : alk. paper)
=100  1\$aFaccio, Daniele.
=700  1\$aBelgiorno, Francesco.
=700  1\$aCacciatori, Sergio.
=080  \\$a530.145
=650  \7$aBlack holes$2inist
=650  \7$aNon-linear optics$2inist
=650  \7$aAgujeros negros$2inist
=650  \7$aÓpticas no-lineales$2inist
=653  \\$aRadiación de Hawking
=653  \\$aHawking radiation
=653  \\$aGravitational systems
=653  \\$aSistemas gravitacionales
=690  \\$aIngeniería en Telecomunicaciones
=010  \\$a##2013946369
=040  \\$aDLC$beng$erda$cDLC$darbccab
=856  41$uhttps://images-na.ssl-images-amazon.com/images/I/41a1q95qEzL.%5FSX331%5FBO1,204,203,200%5F.jpg$3Tapa
=856  41$uhttp://campi.cab.cnea.gov.ar/tocs/23854.pdf$3Indice
=005  20190510112319.0
=003  AR-BCCAB
=942  \\$cBK
=952  \\$2udc$aPOST$bPOST$d2019-03-22$eEdiciones Journal$g$i20023854$o530.145 F118$p20023854$yBK
