=LDR  00000nam##22000005a#4500

=001  018861
=008  840417s1985####nyud###f#b####001#0#eng##
=245  10$aFluid mechanics /$cVictor L. Streeter, E. Benjamin Wylie.
=250  \\$a8th ed.
=260  \\$aNew York :$bMcGraw-Hill,$cc1985.
=300  \\$aix, 586 p. :$bil. ;$c25 cm.
=504  \\$aIncluye referencias bibliográficas e índice.
=520  \\$aThis text on intermediate fluids is aimed at the civil, agricultural and oceanography markets. It gives a grounding in fluid mechanics, including systematic and parallel development of the equations of fluid mechanics in integral and differential form. There is also extensive coverage of free surface flow. The book's applications are directed at shallow-water hydraulics, oceanography and wave mechanics, circulation in large bodies of water and transport. Examples, problems and historical notes are also included.
=020  \\$a0070622426
=100  1\$aStreeter, Victor L.$q(Victor Lyle),$d1909-
=700  1\$aWylie, E. Benjamin.
=080  \\$a532
=650  \7$aFluid mechanics$2inist
=650  \7$aMecánica de fluidos$2inist
=653  \\$aHydraulic systems
=653  \\$aSistemas hidráulicos
=010  \\$a###84009655#
=040  \\$aDLC$cDLC$dDLC$bspa$darbccab
=856  41$uhttps://images-na.ssl-images-amazon.com/images/I/41x2dnQWeoL.%5FSX346%5FBO1,204,203,200%5F.jpg$3Tapa
=856  41$uhttp://campi.cab.cnea.gov.ar/tocs/23851.pdf$3Indice
=005  20190520142915.0
=003  AR-BCCAB
=942  \\$cBK
=952  \\$2udc$aPOST$bPOST$d2019-03-23$i20023851$o532 St834 Ed.8$p20023851$yBK
