=LDR  00000pam##2200000#a#4500

=001  018863
=008  190514s2013####xx#d###f######001#0#und#d
=245  10$aAutomating with SIMATIC S7-1200 :$bconfiguring, programming and testing with STEP 7 basic visualization with winCC basic /$cHans Berger.
=250  \\$a2nd ed.
=260  \\$aBerlin ;$aMunich :$bSiemens,$cc2013.
=300  \\$a575 p. :$bil. ;$c25 cm.
=520  \\$aThe SIMATIC S7-1200 PLC offers a modular design concept with similar functionality as the well-known S7-300 series. Being the follow-up generation of the SIMATIC S7-200 the controllers can be used in a versatile manner for small machines and small automation systems. Simple motion control functionalities are both an integral part of the micro PLC and an integrated PROFINET interface for programming, HMI link and CPU-CPU communication. As part of Totally Integrated Automation (TIA) Portal, the engineering software STEP 7 Basic offers a newly developed user interface, which is matched to intuitive operation. The functionality comprises all interests concerning automation: From configuring the controllers via programming in the IEC languages LAD (ladder diagram), FBD (function block diagram) and SCL (structured control language) up to program testing. The book presents all of the hardware components of the automation system S7-1200, as well as its configuration and parameterization. A profound introduction into STEP 7 Basic V11 illustrates the basics of programming and trouble shooting. Beginners learn the basics of automation with SIMATIC S7-1200 and advanced users of S7-200 and S7-300 receive the knowledge required to work with the new PLC. Users of STEP 7 Professional V12 will easily get along with the descriptions based on the V11. With start of V12, the screens of the technology functions might differ slightly from the V11.
=020  \\$a9783895783852
=100  1\$aBerger, Hans.
=080  \\$a681.3:519.682
=650  \7$aProgramming$2inist
=650  \7$aProgramming languages$2inist
=650  \7$aProgramación$2inist
=650  \7$aLenguajes de programación$2inist
=690  \\$aIngeniería Mecánica
=040  \\$aarbccab$bspa
=856  41$uhttps://images-na.ssl-images-amazon.com/images/I/51EhfmZg3FL.%5FSX348%5FBO1,204,203,200%5F.jpg$3Tapa
=856  41$uhttp://campi.cab.cnea.gov.ar/tocs/23855.pdf$3Indice
=005  20190520135847.0
=003  AR-BCCAB
=942  \\$cBK
=952  \\$2udc$aPOST$bPOST$d2019-03-22$eEdiciones Journal$g$i20023855$o681.3:519.682 B453 Ed.2$p20023855$yBK
