=LDR  00000nam##22000005a#4500

=001  018899
=008  150203t20142014enkd###f#b####001#0#eng#d
=245  10$aAdvanced calculus /$cLynn Harold Loomis, Shlomo Sternberg.
=250  \\$aRevised edition.
=260  \\$aNew Jersey ;$aLondon :$bWorld Scientific,$cC2014.
=300  \\$a580 p. :$bIl. ;$c25 cm.
=504  \\$aIncluye referencias bibliográficas (p. 569-571) e indice.
=504  \\$aVector spaces -- Finite-dimensional vector spaces -- The differential calculus -- Compactness and completeness -- Scalar product spaces -- Differential equations -- Multilinear functionals -- Integration -- Differentiable manifolds -- The integral calculus on manifolds -- Exterior calculus -- Potential theory in E[superscript]n -- Classical mechanics.
=520  3\$aAn authorised reissue of the long out of print classic textbook, Advanced Calculus by An authorised reissue of the long out of print classic textbook, Advanced Calculus by the late Dr Lynn Loomis and Dr Shlomo Sternberg both of Harvard University has been a revered but hard to find textbook for the advanced calculus course for decades.This book is based on an honors course in advanced calculus that the authors gave in the 1960's. The foundational material, presented in the unstarred sections of Chapters 1 through 11, was normally covered, but different applications of this basic material were stressed from year to year, and the book therefore contains more material than was covered in any one year. It can accordingly be used (with omissions) as a text for a year's course in advanced calculus, or as a text for a three-semester introduction to analysis.The prerequisites are a good grounding in the calculus of one variable from a mathematically rigorous point of view, together with some acquaintance with linear algebra. The reader should be familiar with limit and continuity type arguments and have a certain amount of mathematical sophistication. As possible introductory texts, we mention Differential and Integral Calculus by R Courant, Calculus by T Apostol, Calculus by M Spivak, and Pure Mathematics by G Hardy. The reader should also have some experience with partial derivatives.In overall plan the book divides roughly into a first half which develops the calculus (principally the differential calculus) in the setting of normed vector spaces, and a second half which deals with the calculus of differentiable manifolds.
=020  \\$a9789814583923 (hbk.)
=020  \\$a9814583928 (hbk.)
=020  \\$a9789814583930 (pbk.)
=020  \\$a9814583936 (pbk.)
=100  1\$aLoomis, Lynn H.,$d1915-1994,$eauthor.
=700  1\$aSternberg, Shlomo,$eauthor.
=080  \\$a517.2
=650  \7$aDifferential calculus$2inis
=650  \7$aCálculo diferencial$2inis
=010  \\$a##2015301041
=040  \\$aYDXCP$beng$cYDXCP$erda$dBTCTA$dCDX$dOCLCO$dSINLB$dMUU$dOUP$dOCLCQ$dOCLCF$dXII$dDLC$darbccab
=856  41$uhttps://images-na.ssl-images-amazon.com/images/I/41eRIo2ktyL.%5FSX346%5FBO1,204,203,200%5F.jpg$3Tapa
=856  41$uhttp://campi.cab.cnea.gov.ar/tocs/23907.pdf$3Indice
=005  20190702155458.0
=003  AR-BCCAB
=942  \\$cBK
=952  \\$2udc$aPOST$bPOST$d2019-05-10$eEdiciones Journal$g$i20023907$o517.2 L873 Rev. Ed.$p20023907$yBK
