=LDR  00000cam##22000007a#4500

=001  018900
=008  130816s2014####nyud###f######001#0#eng#d
=245  10$aSchaum's outlines :$bprobability, random variables, and random processes /$cHwei P. Hsu.
=250  \\$a3rd ed.
=260  \\$aNew York :$bMcGraw-Hill,$cc2014.
=300  \\$aix, 422 p. :$bil. ;$c28 cm.
=490  1\$aSchaum's outline series
=500  \\$aPrevious edition: 2011.
=500  \\$aIncluye indice.
=520  \\$aTough Test Questions? Missed Lectures? Not Enough Time? Fortunately, there's Schaum's. This all-in-one-package includes more than 400 fully solved problems, examples, and practice exercises to sharpen your problem-solving skills. Plus, you will have access to 20 detailed videos featuring instructors who explain the most commonly tested problems--it's just like having your own virtual tutor! You'll find everything you need to build confidence, skills, and knowledge for the highest score possible. More than 40 million students have trusted Schaum'sto help them succeed in the classroom and on exams.Schaum's is the key to faster learning and higher grades in every subject. Each Outline presents all the essential course information in an easy-to-follow, topic-by-topic format. You also get hundreds of examples, solved problems, and practice exercises to test your skills. This Schaum's Outline gives you 405 fully solved problems Clear, concise explanations of all probability,variables, and processes concepts Support for all the major textbooks in the subject areas Fully compatible with your classroom text, Schaum's highlights all the important facts you need to know. Use Schaum's to shorten your study time--and get your best test scores! Schaum's Outlines--Problem Solved.
=520  \\$aWith 405 fully-solved problems plus 23 problem-solving videos available online, this guide may be used with the following courses: Probability, Random Processes, Stochastic Processes, Probability and Random Variables, and Introduction to Probability and Statistics.--$cSource other than Library of Congress.
=020  \\$a9780071822985 (pbk.)
=020  \\$a0071822984 (pbk.)
=020  \\$z9780071824774 (basic e-book)
=020  \\$z9780071824842 (enhanced e-book)
=100  1\$aHsu, Hwei P.$q(Hwei Piao),$d1930-$eauthor.
=830  \0$aSchaum's outline series.
=246  30$aProbability, random variables, and random processes
=080  \\$a519.21
=650  \0$aProbabilities$vProblems, exercises, etc.
=650  \0$aStochastic processes$vProblems, exercises, etc.
=650  \7$aStochastic processes$2inist
=650  \7$aStatistics$2inist
=650  \7$aProbability$2inist
=650  \7$aProcesos estocásticos$2inist
=650  \7$aEstadística$2inist
=650  \7$aProbabilidad$2inist
=653  \\$aRandom processes
=653  \\$aRandom variables
=653  \\$aProcesos aleatorios
=653  \\$aVariables aleatorias
=690  \\$aIngeniería en Telecomunicaciones
=010  \\$a##2013948155
=016  7\$a016635423$2Uk
=040  \\$aUKMGB$beng$cUKMGB$dORX$dCGP$dYDXCP$dCOO$dCUV$dOCLCO$dDLC$darbccab
=856  41$uhttps://images-na.ssl-images-amazon.com/images/I/51gccuFXoaL.%5FSX372%5FBO1,204,203,200%5F.jpg$3Tapa
=856  41$uhttp://campi.cab.cnea.gov.ar/tocs/23908.pdf$3Indice
=005  20190702154709.0
=003  AR-BCCAB
=942  \\$cBK
=952  \\$2udc$aPOST$bPOST$d2019-05-10$eEdiciones Journal$g$i20023908$o519.21 H859 Ed.3$p20023908$yBK
