=LDR  00000cam##22000007a#4500

=001  018901
=008  970227s1997####nyud###f#b####001#0#eng##
=245  10$aNuclear magnetic resonance of liquid crystals /$cRonald Y. Dong.
=250  \\$a2nd ed.
=260  \\$aNew York :$bSpringer,$cc1997.
=300  \\$axv, 309 p. :$bil. ;$c24 cm.
=490  0\$aPartially ordered systems
=504  \\$aIncluye referencias bibliográficas e índice.
=520  \\$aLiquid crystals have become ubiquitous in the displays for electronic devices, ranging from wrist watches to laptop computers. Nuclear magnetic resonance has become one of the important techniques for determining their structures and properties. Intended for researchers and students in physics, chemistry and materials science, this book provides the necessary background information and sufficient mathematical and physical detail to study the current research literature. The book begins with a survey of liquid crystal phases and field effects and with an introduction to the basic physics of nuclear magnetic resonance; it then discusses orientational ordering and molecular field theories for various liquid crystal molecules and NMR studies of uniaxial and biaxial phases. Subsequent chapters consider spin relaxation processes (using a semiclassical approach) and rotational, translational, and internal molecular dynamics of liquid crystals. The final chapter discusses two-dimensional and multiple-quantum NMR spectroscopies and their application in elucidating liquid crystal properties. This second edition, updated throughout, incorporates many new references, corrects typographical errors, and includes new mathematical appendices.
=020  \\$a0387982302 (hardcover : alk. paper)
=100  1\$aDong, Ronald Y.
=080  \\$a537.635:538.9
=650  \0$aLiquid crystals.
=650  \0$aNuclear magnetic resonance spectroscopy.
=650  \7$aLiquid crystals$2inist
=650  \7$aNuclear magnetic resonance$2inist
=650  \7$aCristales líquidos$2inist
=650  \7$aResonancia magnética nuclear$2inist
=690  \\$aLicenciatura en Física
=690  \\$aMaestría en Física Médica
=010  \\$a###97010095#
=040  \\$aDLC$cDLC$dDLC$bspa$darbccab
=856  41$uhttps://images-na.ssl-images-amazon.com/images/I/41MUO1oksvL.%5FSX328%5FBO1,204,203,200%5F.jpg$3Tapa
=856  41$uhttp://campi.cab.cnea.gov.ar/tocs/23909.pdf$3Indice
=005  20190705112152.0
=003  AR-BCCAB
=942  \\$cBK
=952  \\$2udc$aPOST$bPOST$d2019-06-11$eEdiciones Journal$g$i20023909$o537.635:538.9 D717 Ed.2$p20023909$yBK
