=LDR  00000cam##2200000#a#4500

=001  018902
=008  140912s2015####nyud###f#b####001#0#eng##
=245  10$aSilicon photonics design /$cLukas Chrostowski and Michael Hochberg.
=260  \\$aNew York :$bCambridge,$cc2015.
=300  \\$axix, 418 p. :$bil. ;$c26 cm.
=504  \\$aIncluye referencias bibliográficas e índice.
=520  \\$aFrom design and simulation through to testing and fabrication, this hands-on introduction to silicon photonics engineering equips students with everything they need to begin creating foundry-ready designs. In-depth discussion of real-world issues and fabrication challenges ensures that students are fully equipped for careers in industry. Step-by-step tutorials, straightforward examples, and illustrative source code fragments guide students through every aspect of the design process, providing a practical framework for developing and refining key skills. Offering industry-ready expertise, the text supports existing PDKs for CMOS UV-lithography foundry services (OpSIS, ePIXfab, imec, LETI, IME and CMC) and the development of new kits for proprietary processes and clean-room based research. Accompanied by additional online resources to support students, this is the perfect learning package for senior undergraduate and graduate students studying silicon photonics design, and academic and industrial researchers involved in the development and manufacture of new silicon photonics systems.
=020  \\$a9781107085459 (hardback)
=100  1\$aChrostowski, Lukas,$eauthor.
=700  1\$aHochberg, Michael E.,$eauthor.
=080  \\$a535:621.38
=650  \7$aSilicon$2inist
=650  \7$aPhotons$2inist
=650  \7$aDesing$2inist
=650  \7$aSilicio$2inist
=650  \7$aFotónica$2inist
=650  \7$aDiseño$2inist
=690  \\$aIngeniería en Telecomunicaciones
=010  \\$a##2014034057
=040  \\$aDLC$beng$cDLC$erda$dDLC$darbccab
=856  41$uhttps://images-na.ssl-images-amazon.com/images/I/51YUR2tw7BL.%5FSX352%5FBO1,204,203,200%5F.jpg$3Tapa
=856  41$uhttp://campi.cab.cnea.gov.ar/tocs/23910.pdf$3Indice
=005  20190702152238.0
=003  AR-BCCAB
=942  \\$cBK
=952  \\$2udc$aPOST$bPOST$d2019-06-15$eImportaciones C/C$g$i20023910$o535:621.38 C468$p20023910$yBK
