=LDR  00000cam##2200000#a#4500

=001  018910
=008  870121s19871977nyud###f#b####001#0#eng##
=245  10$aMathematics applied to continuum mechanics /$cLee A. Segel and G.H. Handelman.
=260  \\$aNew York,$cc1987.
=300  \\$axviii, 590 p. :$bil. ;$c22 cm.
=504  \\$aIncluye bibliografía (p. 571-577).
=500  \\$aIncluye índice.
=520  \\$aThis modern classic analyzes continuum models of fluid flow and solid deformation, examining problems in continuum mechanics, water waves, extremum principles and much more. For upper-level undergraduate and graduate students in the fields of applied mathematics, science and engineering.
=020  \\$a0486653692 (pbk.)
=100  1\$aSegel, Lee A.
=700  1\$aHandelman, G. H.
=080  \\$a51:532
=650  \7$aMathematics$2inist
=650  \7$aWater waves$2inist
=650  \7$aMatemática$2inist
=650  \7$aOndas marinas$2inist
=653  \\$aContinuum mechanics
=653  \\$aMecánica de medios continuos
=010  \\$a###87000574#
=040  \\$aDLC$cDLC$dDLC$bspa$darbccab
=050  00$aQA808.2$b.S43 1987
=856  41$3Tapa$uhttps://images-na.ssl-images-amazon.com/images/I/41N6DV0SXTL.%5FSX297%5FBO1,204,203,200%5F.jpg
=856  41$3Índice$uhttp://campi.cab.cnea.gov.ar/tocs/23918.pdf
=005  20190730120825.0
=003  AR-BCCAB
=082  00$a531/.01/51$219
=942  \\$cBK
=952  \\$2udc$aPOST$bPOST$d2019-07-10$i20023918$o51:532 Se376$p20023918$yBK
