=LDR  00000cam##2200000#a#4500

=001  018911
=008  851114r19861970nyud###f#b####001#0#eng##
=245  14$aThe variational principles of mechanics /$cCornelius Lanczos.
=250  \\$a4th ed.
=260  \\$aNew York :$bDover Publications,$cc1986, c1970.
=300  \\$axxix, 418 p. :$bil. ;$c22 cm.
=440  \0$aDover books on physics and chemistry
=500  \\$aReprint. Originally published: Toronto : University of Toronto Press, c1970. (Mathematical expositions ; no. 4).
=504  \\$aIncluye bibliografía (p. 407-408) e índice.
=520  \\$aAnalytical mechanics is, of course, a topic of perennial interest and usefulness in physics and engineering, a discipline that boasts not only many practical applications, but much inherent mathematical beauty. Unlike many standard textbooks on advanced mechanics, however, this present text eschews a primarily technical and formalistic treatment in favor of a fundamental, historical, philosophical approach. As the author remarks, there is a tremendous treasure of philosophical meaning" behind the great theories of Euler and Lagrange, Hamilton, Jacobi, and other mathematical thinkers. Well-written, authoritative, and scholarly, this classic treatise begins with an introduction to the variational principles of mechanics including the procedures of Euler, Lagrange, and Hamilton. Ideal for a two-semester graduate course, the book includes a variety of problems, carefully chosen to familiarize the student with new concepts and to illuminate the general principles involved. Moreover, it offers excellent grounding for the student of mathematics, engineering, or physics who does not intend to specialize in mechanics, but wants a thorough grasp of the underlying principles. The late Professor Lanczos (Dublin Institute of Advanced Studies) was a well-known physicist and educator who brought a superb pedagogical sense and profound grasp of the principles of mechanics to this work, now available for the first time in an inexpensive Dover paperback edition. His book will be welcomed by students, physicists, engineers, mathematicians, and anyone interested in a clear masterly exposition of this all-important discipline.
=020  \\$a0486650677 (pbk.)
=100  1\$aLanczos, Cornelius,$d1893-1974.
=830  \0$aMathematical expositions ;$vno. 4.
=080  \\$a531
=650  \7$aVariations$2inist
=650  \7$aVariaciones$2inist
=653  \\$aMechanics, Analytic.
=653  \\$aMecánica analítica
=010  \\$a###85029168#
=040  \\$aDLC$cDLC$dDLC$bspa$darbccab
=050  00$aQA805$b.L278 1986
=856  41$3Tapa$uhttps://images-na.ssl-images-amazon.com/images/I/41lV%2BmoUjsL.%5FSX318%5FBO1,204,203,200%5F.jpg
=856  41$3Índice$uhttp://campi.cab.cnea.gov.ar/tocs/23919.pdf
=005  20190730120805.0
=003  AR-BCCAB
=082  00$a531/.01/51$219
=942  \\$cBK
=952  \\$2udc$aPOST$bPOST$d2019-07-10$i20023919$o531 Ed.4 L229$p20023919$yBK
