=LDR  00000pam##2200000#a#4500

=001  018921
=008  190805s2019####njud###f#b####001#0#eng##
=245  10$aFeedback control of dynamic systems /$cGene F. Franklin, J. David Powell, Abbas Emami-Naeini.
=250  \\$a8th ed.
=260  \\$aBoston :$bPearson,$cc2019.
=300  \\$a924 p. :$bil. col. ;$c24 cm.
=504  \\$aIncluye referencias bibliográficas (p. 903-911) e índice.
=520  \\$aFeedback control fundamentals with context, case studies, and a focus on design Feedback Control of Dynamic Systems, 8th Edition, covers the material that every engineer needs to know about feedback control--including concepts like stability, tracking, and robustness. Each chapter presents the fundamentals along with comprehensive, worked-out examples, all within a real-world context and with historical background provided. The text is devoted to supporting students equally in their need to grasp both traditional and more modern topics of digital control, and the author's focus on design as a theme early on, rather than focusing on analysis first and incorporating design much later. An entire chapter is devoted to comprehensive case studies, and the 8th Edition has been revised with up-to-date information, along with brand-new sections, problems, and examples.
=020  \\$a9781292274522
=020  \\$a1292274522
=100  1\$aFranklin, Gene F.
=700  1\$aPowell, J. David,$d1938-
=700  1\$aEmami-Naeini, Abbas.
=080  \\$a62-52
=650  \7$aFeedback$2inist
=650  \7$aRealimentación$2inist
=653  \\$aDigital contol
=653  \\$aFeedback control systems
=653  \\$aControl Theory
=653  \\$aControl digital
=653  \\$aSistemas de control de realimentación
=653  \\$aTeoría de control
=690  \\$aIngeniería mecánica$bControl
=010  \\$a##2002279119
=040  \\$aDLC$cDLC$dDLC$bspa$darbccab
=856  41$uhttps://images-na.ssl-images-amazon.com/images/I/41yzsSCKQNL.%5FSX376%5FBO1,204,203,200%5F.jpg$3Tapa
=856  41$uhttp://campi.cab.cnea.gov.ar/tocs/23931.pdf$3Indice
=005  20190807090550.0
=003  AR-BCCAB
=942  \\$cBK
=952  \\$2udc$aPOST$bPOST$d2019-07-23$eC/C Importaciones de Publicaciones$g$i20023931$o62-52 F854 Ed.8$p20023931$yBK
=LDR  00000nam##2200000#a#4500
